1981 3390
1533 202 1566 246 5

177 328 309 366 tionis
342 326 575 374 censor-¹),
629 331 837 377 excerpta
877 322 966 363 haec
1011 333 1107 362 esse
1150 334 1173 361 e
1208 324 1380 362 maiore
1415 335 1544 376 opere
1579 323 1632 363 ab

179 406 274 458 ipso
298 400 474 444 Achille
505 401 644 443 Statio
675 400 836 448 credit3
867 399 955 441 alia
983 407 1192 454 excerpta
1226 397 1425 440 Caelium
1459 399 1633 441 hahuis-

173 495 247 530 se,
310 481 431 520 cuius
477 479 590 534 quod
632 478 861 534 exemplar
894 477 1033 519 multa
1076 485 1220 518 tamen
1265 476 1473 518 hahuisse
1513 478 1632 528 dicit,

173 567 267 613 qum
299 558 343 598 in
372 558 499 598 editis
531 571 615 598 non
647 558 945 612 reperiantur,
978 556 1022 596 id
1053 556 1092 596 si
1119 556 1290 611 putavit
1319 556 1417 596 ideo
1451 556 1631 597 accidis-

172 650 235 687 se,
273 635 385 691 quod
419 637 585 676 statius
615 637 658 675 in
692 634 970 691 excerpendo
1007 635 1217 684 omiserit,
1249 632 1412 674 oblitus
1444 641 1525 684 est,
1560 647 1629 674 co-

171 714 311 755 dicem
341 715 469 755 statii
505 714 805 768 imperfectum
837 727 961 760 esse3
1015 713 1190 753 omnino
1224 720 1369 753 autem
1404 711 1517 752 unde
1548 711 1630 752 hoc

169 791 223 832 de
253 792 508 846 fragmentis
542 806 567 832 a
601 792 742 832 Statio
772 793 994 843 necet-plis
1027 791 1276 844 sumpserit,
1310 791 1488 845 ignoro;
1529 804 1627 831 nam

169 871 263 910 eius
293 871 354 910 rei
387 870 494 910 adeo
526 868 693 908 nullum
721 876 787 908 est
818 868 1068 920 vestigium,
1095 868 1209 906 utin
1236 875 1326 907 toto
1360 865 1511 907 libello
1543 880 1630 907 nou

167 948 369 996 Statium,
401 947 476 986 sed
508 947 648 1000 ipsum
679 946 932 1001 scriptorem
963 943 1214 999 loquentem
1248 946 1355 984 satis
1386 944 1518 999 plane
1553 958 1627 985 au-

166 1023 284 1072 dias;
332 1024 560 1078 ipsumque
589 1023 964 1079 fragmentorum,
1010 1036 1096 1062 non
1130 1031 1437 1077 excerptorum
1469 1036 1626 1063 nomen

164 1102 443 1157 proepositum
478 1101 616 1142 codici
648 1101 863 1152 ostendit,
906 1102 1094 1142 Statium
1124 1100 1325 1141 mutilum
1354 1109 1397 1141 et
1430 1101 1627 1142 decurta—

165 1188 256 1220 tum
287 1180 503 1231 codicem,
530 1179 703 1236 qualem
735 1195 862 1222 suum
896 1179 1074 1221 Caelius
1108 1178 1300 1235 appellat
1315 1180 1384 1232 ²),
1418 1179 1625 1220 habuisse

163 1267 207 1298 et
240 1258 549 1313 descripsisse;
584 1273 684 1299 nam
715 1259 824 1300 illud
856 1273 941 1300 non
971 1258 1212 1309 ostendam,
1248 1259 1452 1312 quoniam
1486 1266 1623 1298 totum

164 1336 247 1377 hoc
282 1337 508 1377 concidere
541 1345 695 1391 postea
724 1336 995 1388 videbimus,
1057 1335 1278 1377 Achillem
1312 1337 1500 1377 Statium
1539 1350 1622 1376 non

159 1412 237 1454 has
269 1427 339 1453 res
373 1428 512 1468 neque
541 1414 623 1455 hoc
654 1415 783 1455 modo
803 1415 941 1455 fuisse
967 1423 1292 1469 excerpturum.
1359 1413 1501 1469 Ipsius
1522 1427 1622 1468 ope-

159 1492 220 1532 ris
253 1489 546 1531 Grotefendus
579 1499 667 1532 tres
696 1501 819 1546 putat
849 1492 984 1533 fuisse
1017 1491 1178 1542 libros,
1235 1491 1288 1531 de
1322 1499 1426 1539 nota
1456 1493 1621 1546 aspira·

158 1569 315 1629 tionis,
349 1567 401 1608 de
430 1568 738 1626 diphthongis,
772 1571 825 1612 de
857 1572 1154 1627 geminatione
1182 1569 1431 1621 literarum,
1474 1570 1621 1610 sedin

156 1644 270 1687 libro
314 1646 368 1687 de
406 1646 691 1704 diphthongis
730 1648 819 1690 alia
861 1649 1055 1704 quaedam
1091 1649 1295 1689 adiuncta
1336 1648 1473 1689 fuisse
1512 1661 1621 1702 prae-

156 1733 304 1780 cepta3
337 1739 391 1766 ex
423 1725 490 1766 his
523 1740 589 1776 ea,
622 1740 716 1782 qnae
746 1736 993 1784 supersunt,
1024 1728 1204 1768 confusa
1230 1741 1351 1778 esse3
1388 1739 1482 1782 quae
1515 1739 1620 1767 sane

156 1811 277 1844 tanta
307 1812 421 1844 esset
457 1805 656 1846 confusio
676 1835 688 1856 ,
719 1814 767 1846 ut
802 1807 1016 1856 nesciam,
1051 1807 1125 1861 qui
1158 1807 1202 1855 in
1234 1813 1421 1868 mentem
1454 1805 1622 1845 venerit

153 1882 252 1922 viro
286 1881 429 1932 docto,
459 1881 629 1924 Achilli
659 1884 800 1926 Statio
832 1892 919 1925 tam
946 1884 1125 1924 stultum
1166 1892 1208 1925 et
1239 1884 1506 1924 inconditum
1541 1896 1620 1923 ex·

153 1960 357 2013 cerpendi
391 1960 587 2001 ordinem
619 1960 825 2003 tribuere.
888 1962 1091 2003 Alterum
1124 1961 1364 2015 Apuleium
1392 1961 1489 1999 ideo
1526 1968 1619 1999 tan-

153 2042 244 2076 tum
277 2035 359 2076 hoc
390 2037 563 2076 nomine
595 2037 860 2092 adpellatum
902 2038 1064 2087 credit,
1127 2038 1240 2091 quod
1282 2051 1339 2077 ex
1381 2037 1618 2091 superioris

151 2114 248 2153 veri
281 2112 394 2154 libro
428 2128 507 2154 sua
547 2116 792 2155 corraserit.
886 2114 1017 2155 Alius
1060 2115 1265 2155 editionis
1307 2114 1475 2155 Osanni
1518 2129 1616 2155 cen-

150 2203 222 2230 sor
242 2188 283 2245 a)
324 2199 368 2230 et
408 2190 585 2231 libellos
625 2190 727 2231 illos
767 2191 819 2231 de
860 2199 961 2232 nota
1007 2194 1284 2247 aspirationis
1326 2200 1369 2232 et
1402 2193 1455 2232 de
1493 2191 1615 2247 diph-

152 2267 330 2322 thongis
363 2276 406 2308 et
438 2268 528 2311 haec
564 2269 809 2324 fragmenta
842 2270 970 2310 unius
1005 2283 1100 2310 esse
1126 2271 1349 2325 scriptoris
1379 2277 1517 2325 putat,
1543 2271 1613 2325 qui

149 2354 248 2403 post
276 2361 315 2387 a.
348 2348 459 2388 1327
488 2348 675 2395 rixerit3
716 2348 964 2404 fragmenta
997 2357 1143 2389 autem
1174 2357 1384 2405 excerpta
1427 2362 1523 2389 esse
1555 2362 1615 2388 ex

152 2425 446 2483 antiquiorum
484 2423 877 2471 Grammaticorum
912 2425 1037 2468 libris
1073 2436 1145 2468 aut
1176 2429 1484 2483 interpretum,
1525 2439 1614 2468 ma-

176 2580 214 2624 ¹)
243 2581 485 2625 Ephemerid.
516 2582 588 2617 litt.
617 2583 706 2618 Hal.
736 2582 839 2619 1827.
868 2595 903 2618 n.
931 2583 1010 2617 275.

172 2642 212 2684 2)
242 2641 341 2676 Anti.
373 2642 492 2677 Lecti.
525 2644 693 2686 xxxlv,
722 2646 755 2679 4.
784 2645 822 2680 in
846 2645 938 2679 Maii
966 2644 1066 2689 proes.
1097 2657 1129 2689 p.
1158 2644 1333 2678 XXXlX.

176 2703 213 2746 2)
242 2702 538 2751 Schulzeitung,
589 2706 833 2741 Literaturbl.
867 2706 913 2739 11.
956 2706 1000 2739 N.
1030 2705 1085 2738 37.
1121 2704 1222 2738 1527.
1283 2703 1377 2738 Noni
1406 2706 1548 2738 tuntum
1571 2717 1612 2739 ct

239 2763 379 2798 Baehrii
401 2764 499 2800 nist.
527 2766 599 2800 Lit.
629 2767 738 2802 Rom.
768 2781 802 2813 p.
831 2767 910 2802 511.
938 2767 994 2812 (p.
1022 2766 1090 2801 735
1116 2767 1171 2800 cd.
1202 2765 1256 2806 2.)
1308 2766 1408 2811 ipsas
1437 2766 1534 2799 enim
1563 2765 1610 2800 il—

239 2824 296 2860 las
325 2826 584 2871 ephemerides
609 2828 753 2866 {ru-tra
777 2829 816 2865 iu
841 2832 970 2865 nostra
1002 2829 1094 2864 urhe
1125 2826 1285 2873 qua-sisi.
