1981 3390
1424 213 1520 262 133

137 340 320 383 cendum
366 346 492 395 puto,
535 334 648 391 quod
701 334 810 377 civis
853 345 975 376 meus
1017 330 1226 376 Blochius
1263 345 1402 387 nuper
1441 333 1495 374 de
1531 348 1583 377 ea

135 428 252 461 recte
305 415 525 471 exposuit.
608 413 687 458 Est
729 421 875 454 tamen
913 411 1216 458 declamatoris
1259 409 1496 453 artificiose
1538 419 1583 452 et

134 496 291 554 Latine
315 491 557 535 scribentis.
619 490 764 532 Edunt
794 499 963 534 autem:
1008 490 1192 532 Ve'debat
1221 493 1332 531 enim
1365 493 1465 541 (ora
1492 503 1583 531 ma-

133 575 296 621 ritima)
321 571 527 625 populum
571 570 810 612 Romanum
844 583 930 611 nou
959 569 1224 623 locupletari
1249 571 1480 623 quotannis
1501 581 1584 623 pe-

133 653 262 691 cunia
285 647 495 703 publica,
522 654 688 703 proeler
706 663 890 704 pancos,
923 661 1062 703 neque
1091 660 1168 688 uos
1200 646 1430 701 quidquam
1459 645 1586 688 alind

129 730 304 782 assequi
333 727 533 768 classium
574 731 769 779 nomine,
816 730 906 768 uisi
935 732 1009 778 ue,
1054 726 1326 767 detrimentis
1360 728 1582 780 accz‘pae'en-

128 805 222 855 dis,
267 809 430 846 nem'ore
454 804 576 856 affice·
603 805 875 859 turpitudine
904 804 1161 846 videremur.
1225 803 1409 845 Reditus
1438 801 1584 858 publi-

128 897 203 925 cos
237 885 504 924 interven-sos
534 881 775 938 significari
805 890 972 936 putant.
1032 881 1108 930 At,
1138 894 1192 920 ne
1224 879 1326 936 quid
1355 880 1496 920 dicam
1528 880 1582 921 de

127 961 347 1002 locutione
373 962 580 1015 populum
613 951 856 1000 Romanum
886 971 972 999 non
1002 958 1265 1012 locupletari
1284 962 1451 1011 praeter
1465 969 1582 1012 pau-

127 1052 198 1080 cos
226 1041 387 1094 (potest
415 1039 531 1079 enim
561 1037 830 1079 declamator
861 1036 1163 1093 reprebendi),
1205 1035 1306 1091 quid
1346 1049 1432 1076 non
1473 1036 1581 1077 recti

126 1131 203 1158 ora
231 1115 311 1157 illa
344 1115 546 1158 videbat}
614 1116 831 1172 Populum
856 1118 971 1157 enim
1002 1113 1358 1170 locupletandum
1386 1114 1581 1170 vectiga-

125 1193 265 1246 libus,
297 1203 340 1235 et
358 1196 588 1251 quotannis
603 1194 975 1251 locupletandum,
1011 1194 1106 1248 quis
1130 1191 1338 1248 putavit?
1368 1206 1423 1233 ne
1453 1193 1582 1247 pauci

132 1272 306 1328 quidem
335 1270 566 1312 debebant.
634 1272 825 1313 Omnino
858 1280 1003 1313 autem
1032 1269 1269 1326 vectigalia
1286 1284 1374 1311 non
1401 1269 1582 1326 populo,

126 1351 201 1391 sed
230 1349 478 1405 publicanis
509 1350 818 1398 solvebantur3
851 1349 896 1390 hi
927 1348 1040 1405 quod
1071 1350 1223 1390 aerario
1254 1347 1485 1399 debebant,
1515 1349 1580 1388 in-

125 1437 364 1469 tervertere
398 1442 482 1469 non
513 1437 727 1483 poterant.
797 1427 970 1468 Deinde
1009 1435 1155 1468 autem
1195 1425 1454 1482 vectigalia,
1483 1440 1579 1482 quae

122 1505 353 1548 solvuntur
391 1520 415 1546 a
434 1507 697 1561 provinciis,
737 1506 932 1559 pecuniae
955 1503 1141 1560 publicae
1167 1506 1343 1545 nomine
1365 1518 1580 1559 nusquam

121 1593 222 1626 sunt
238 1582 486 1640 appellat-‘213
518 1597 570 1624 ea
584 1591 665 1634 est,
699 1597 793 1638 quae
814 1584 861 1623 in
888 1583 1040 1623 aerario
1067 1591 1133 1623 est
1165 1590 1208 1623 et
1238 1582 1340 1623 inde
1371 1589 1578 1636 erogatur

122 1663 168 1703 in
210 1660 405 1717 publicas
445 1663 692 1717 impensas,
747 1675 937 1717 eamque*
977 1660 1047 1702 hic
1096 1659 1290 1716 intelligi
1322 1654 1579 1702 'ostendunt

120 1741 341 1795 proxima.
406 1740 642 1781 Pecuniam
683 1740 798 1780 enim
842 1739 1065 1796 publicam
1109 1740 1162 1780 ad
1205 1738 1367 1780 classes
1388 1739 1577 1798 *tuendas

121 1819 349 1873 sociosque
376 1817 672 1859 defendendos
709 1818 852 1859 datam
885 1819 1114 1859 interverti
1146 1816 1279 1863 verba
1311 1816 1577 1872 significant.

122 1893 259 1950 Atqui
291 1894 383 1937 hoec
415 1904 531 1937 certe
564 1897 747 1952 pecunia
789 1894 1059 1950 locupletare
1090 1894 1298 1950 populum
1327 1909 1413 1935 non
1446 1894 1576 1935 debe-

121 1970 197 2012 bat
228 1986 306 2012 nec
336 1981 518 2026 poterat.
591 1972 743 2027 Itaque
783 1974 1014 2012 verissima
1053 1980 1119 2012 est
1150 1971 1281 2012 lectio
1313 1973 1574 2026 optimorum

120 2048 339 2089 codicum:
408 2048 592 2089 Vcdebac
630 2052 742 2089 enim
775 2054 990 2102 proetores
1038 2049 1302 2103 locupletare·
1342 2053 1575 2103 quotannis·

114 2129 305 2180 pecunia
329 2125 534 2180 publica,
574 2132 740 2180 praeler
771 2140 949 2180 paucos.
1021 2125 1114 2166 Iam
1157 2134 1303 2181 patet,
1347 2140 1431 2181 quo
1463 2125 1574 2167 illud

118 2206 350 2258 quotannis
404 2205 644 2259 pertineat,
699 2203 959 2260 singulaque
1004 2202 1141 2244 verba
1192 2211 1339 2244 recte-
1358 2204 1573 2246 dicuntur.

116 2279 240 2322 Nihil
283 2288 428 2321 nutem
471 2282 638 2336 magi-5,
687 2281 768 2322 boc
808 2296 958 2322 verum
1007 2294 1131 2331 esse,
1177 2281 1396 2332 ostendit,
1444 2296 1572 2337 quam

116 2358 229 2414 quod
258 2357 473 2413 particula
505 2373 699 2415 negans,
740 2360 786 2400 in
819 2358 932 2400 falsa
958 2358 1151 2425 'lectione
1183 2361 1452 2410 necessaria,
1486 2374 1570 2401 non

115 2435 254 2477 solum
285 2438 330 2477 in
361 2438 536 2492 optimis
556 2436 779 2478 codicibus
812 2437 958 2489 abest,
987 2438 1062 2478 sed
1092 2439 1136 2478 in
1170 2438 1433 2479 deteriorum
1467 2453 1573 2494 quo-

119 2528 202 2570 que
230 2513 483 2566 nonnullis,
523 2524 569 2556 ut
598 2517 641 2556 in
670 2496 844 2557 ‘duobus
879 2515 1234 2565 Oxoniensibus3
1273 2518 1317 2557 in
1351 2516 1495 2558 IIaun.
1525 2518 1569 2557 in

117 2594 314 2649 margine
341 2592 544 2648 suppleta
574 2602 654 2634 est.

236 2666 385 2713 Sem'el
412 2672 457 2711 in
499 2670 580 2713 hac
611 2672 806 2712 oratione
839 2673 1088 2714 coniectura
1115 2688 1210 2715 moa
1240 2673 1446 2713 utendum
1473 2672 1569 2723 fuit,

118 2761 243 2801 quam
277 2750 321 2790 in
355 2750 552 2806 margine
585 2750 737 2806 posui,
780 2752 857 2801 17,
900 2752 979 2799 513
1022 2753 1143 2792 cuius
1191 2765 1362 2792 causam
1409 2749 1568 2789 intelli-

118 2832 246 2880 gent,
282 2827 355 2882 qui
385 2828 796 2879 animadverterint,
830 2828 962 2871 verba
998 2829 1074 2871 illa
1106 2833 1279 2872 {anzelsa'
1308 2831 1566 2883 coguosre'le'x
