1981 3390
1458 261 1556 310 333

178 392 320 431 minus
352 392 406 431 iis
438 387 648 437 firmatur,
678 387 721 426 in
753 383 909 439 quibus
937 384 1055 425 addit
1084 382 1264 438 aliquid,
1292 382 1404 439 quod
1435 384 1479 423 in
1509 391 1620 424 cete-

174 469 234 507 ris
280 482 364 508 non
410 474 489 507 est.
571 463 739 504 Horum
788 462 1179 503 additamentorum
1222 460 1494 500 levissimum
1542 469 1622 508 est,

177 545 267 584 sed*
285 544 584 590 manifestum,
614 543 656 580 in
689 540 838 580 Divin.
870 542 921 589 3,
950 541 1003 589 8,
1035 537 1109 579 ubi
1142 536 1274 591 vulgo
1308 535 1536 577 scribitur:
1577 535 1625 575 id

177 624 261 660 iam
288 620 503 673 populare
536 624 666 670 alque
686 616 926 670 plausibile
939 615 1118 664 sactum
1153 621 1239 664 est,
1273 613 1464 654 melioris
1498 613 1623 653 fami-

172 694 241 734 lim
284 695 429 745 codd.‚
474 703 681 749 perpetua
721 695 1060 747 permutatione,
1105 690 1264 732 habent
1307 697 1350 730 et
1389 689 1624 743 plausibile

175 771 246 826 (de
277 771 423 812 Guelf.
457 773 485 811 2
518 772 605 810 vid.
638 769 878 824 Append.),
924 767 1150 824 Zumptius
1186 783 1208 808 e
1240 767 1385 808 Guelf.
1421 770 1458 807 1.
1490 768 1623 807 edidit

171 852 300 902 alque
332 852 460 887 etiam
485 847 748 901 plausibile,
792 861 920 901 quum
966 855 1107 887 tamen
1140 844 1282 885 nullus
1322 847 1378 884 sit
1413 845 1624 884 orationis

171 925 421 975 adscensus,
465 925 539 964 sed
589 923 785 963 translati
819 921 1019 963 vocabuli
1053 921 1103 961 ad
1137 922 1358 975 proprium
1389 920 1624 970 adiunctio,

171 1016 264 1056 quae
297 1014 466 1055 semper
498 999 687 1053 simplici
715 997 926 1053 particula
962 996 1026 1037 fit.
1091 996 1276 1037 Gravior
1296 1004 1360 1036 est
1378 995 1623 1048 corruptela

171 1082 331 1132 (neque
365 1079 478 1117 enirn
520 1075 647 1116 aliter
680 1074 901 1130 appellare
944 1073 1140 1129 possum)
1175 1087 1232 1113 ex
1273 1072 1354 1113 hoc
1400 1073 1547 1113 codice
1580 1081 1623 1113 et

168 1153 461 1208 Stephaniano
492 1151 617 1193 illata
647 1154 690 1192 in
707 1151 805 1192 Act.
837 1154 877 1201 l,
906 1153 948 1201 4,
982 1151 1049 1201 12,
1077 1149 1152 1190 ubi
1182 1149 1316 1205 vulgo
1348 1158 1460 1191 erat:
1492 1163 1618 1204 quam

169 1234 254 1270 iste
283 1243 367 1283 per
399 1233 632 1270 triennium
663 1232 729 1268 ila
759 1228 946 1269 vacavit
971 1241 1024 1267 ac
1049 1226 1269 1281 perdidit,
1316 1228 1625 1267 consentienti-

173 1305 253 1347 bus
287 1307 407 1347 codd.
447 1305 593 1346 Guelf.
632 1307 661 1345 2
702 1314 745 1346 et
784 1305 908 1345 Leid.
941 1313 984 1344 et
1025 1304 1127 1345 edit.
1158 1303 1311 1345 Lamb.
1346 1304 1624 1358 Asconioque

175 1385 219 1423 in
249 1383 452 1423 lemmate
484 1382 800 1430 adnotationis,
839 1380 1065 1436 Zumptius
1099 1389 1240 1421 autem
1277 1381 1434 1421 ediditt
1481 1386 1627 1420 vasta-

176 1463 261 1508 vit,
294 1463 477 1500 vexavit
508 1473 561 1499 ac
577 1458 792 1512 perdidit,
825 1459 1126 1498 coniunctione
1162 1456 1391 1498 verborum
1421 1471 1506 1497 non
1539 1469 1625 1497 uno

172 1535 298 1575 modo
335 1537 508 1576 vitiosa.
572 1531 684 1575 Nam
718 1543 760 1575 et
801 1541 976 1575 vastare
1022 1543 1088 1574 est
1131 1533 1310 1575 verbum
1354 1534 1538 1574 diversae
1580 1541 1623 1573 et

174 1610 393 1665 generalis
424 1609 785 1666 significationis,
831 1619 878 1650 ut
909 1612 952 1650 in
986 1610 1066 1651 hac
1099 1612 1429 1651 coacervatione
1473 1619 1515 1650 et
1553 1610 1627 1650 ad-

173 1701 327 1728 scensu
357 1689 565 1728 orationis
597 1687 766 1736 locum,
810 1688 1050 1742 praesertim
1092 1689 1307 1742 primum,
1353 1695 1501 1726 tenere
1539 1700 1626 1727 non

172 1766 333 1817 possit3
365 1764 546 1805 effectus
581 1766 695 1804 enim
727 1764 917 1804 vexandi
946 1772 988 1804 et
1017 1765 1227 1816 perdendi
1253 1773 1318 1804 est
1349 1765 1530 1804 vastitas
1558 1779 1625 1804 re-

173 1843 342 1896 gionis3
364 1849 406 1881 et
428 1850 629 1896 peccatur
652 1842 696 1880 in
726 1840 1080 1880 consuetudinem
1097 1840 1243 1880 Latini
1261 1842 1473 1881 sermonis
1498 1841 1627 1881 huius

173 1920 309 1958 aetatis
333 1926 600 1971 perpetuam,
631 1931 714 1971 qua
736 1918 780 1956 in
805 1916 1052 1956 huiusmodi
1077 1918 1284 1957 orationis
1302 1917 1439 1957 forma
1460 1919 1554 1958 sive
1572 1932 1624 1958 ea

176 2008 281 2034 vera
310 2002 376 2034 est
404 1994 673 2033 diversorum
705 1994 971 2032 enumeratio
1016 1994 1110 2033 sive
1151 1993 1366 2033 rhetorica
1398 2007 1628 2034 coacerva—

175 2073 260 2120 tio,
303 2070 532 2110 dummodo
561 2069 743 2124 aequalia
774 2070 860 2109 sint
891 2077 932 2108 et
962 2083 1048 2109 una
1080 2071 1192 2109 serie
1222 2069 1457 2121 procedant
1490 2084 1623 2111 mem-

180 2147 256 2187 bra
282 2150 346 2198 ¹),
379 2161 597 2201 nunquam
631 2155 830 2187 extrema
861 2145 1051 2186 membra
1081 2145 1306 2200 particulis
1337 2148 1626 2188 coniunctivis

268 2241 314 2274 13
340 2241 474 2275 edidit:
517 2243 563 2275 de
595 2242 673 2274 iure
708 2241 799 2275 enim
833 2241 1013 2275 libertatis
1040 2246 1075 2276 et
1102 2243 1262 2276 civitatis
1288 2253 1391 2276 suum
1412 2247 1524 2286 putat
1550 2253 1628 2276 esse

266 2303 438 2335 iudIcium
473 2306 507 2336 et
537 2303 678 2335 ratione
698 2306 834 2345 pauzi,-
874 2302 1011 2347 reliqui
1045 2307 1142 2336 recte
1172 2308 1308 2346 putat,·
1350 2306 1628 2337 commutantur

266 2363 344 2396 liaec
370 2362 462 2396 alibi
489 2374 660 2406 quoque3
698 2363 763 2396 sed
802 2362 944 2395 ratione
981 2366 1036 2397 est
1064 2364 1291 2397 considerate
1326 2367 1360 2396 et
1387 2375 1466 2397 cum
1493 2362 1628 2396 iudicio

267 2422 514 2466 (contrarium
536 2422 709 2465 temere);
739 2421 803 2455 ubi
821 2423 1003 2466 probatur
1018 2423 1252 2468 simpliciter,
1280 2425 1377 2468 quod
1400 2424 1480 2469 quis
1503 2424 1629 2457 facere

263 2483 451 2516 sentix-eve
479 2483 636 2523 dicitur,
665 2494 742 2526 quae
767 2482 814 2516 sit
841 2482 1014 2527 legitima
1039 2484 1183 2525 forma,
1210 2484 1437 2529 perspicitur
1463 2495 1505 2516 ex
1524 2485 1629 2517 Verr.

264 2542 333 2577 lib.
359 2543 435 2583 111,
469 2542 536 2584 72,
573 2541 641 2575 168
662 2543 856 2583 serendum
882 2555 951 2576 non
987 2548 1145 2587 putant,
1186 2549 1221 2578 et
1246 2549 1344 2578 recte
1367 2556 1437 2576 non
1469 2547 1628 2586 putant,-

271 2603 365 2636 adde
393 2604 436 2643 V,
470 2603 535 2642 41,
571 2603 640 2636 115
666 2608 701 2636 et
727 2603 772 2635 tle
801 2602 923 2635 Finib.
953 2603 1013 2644 Π,
1038 2603 1083 2645 8,
1108 2604 1164 2638 23.
1222 2606 1263 2638 In
1291 2606 1410 2638 altero
1437 2605 1519 2636 loco
1547 2603 1626 2635 Act.

267 2662 309 2702 1,
338 2661 406 2703 1⁰,
433 2660 479 2695 29
507 2673 616 2705 quem
642 2664 768 2697 locum
795 2663 937 2696 habent
962 2675 1120 2708 praesene
1165 2670 1311 2710 tempus
1340 2666 1375 2698 in
1416 2662 1628 2696 considera-

267 2721 369 2755 tione
391 2720 446 2754 rei
467 2721 710 2757 suturaeinter
725 2724 878 2767 longam
893 2723 1029 2756 seriem
1046 2724 1274 2767 futurorum,
1295 2735 1383 2759 sane
1409 2734 1480 2755 non
1505 2722 1626 2756 video.

203 2782 241 2825 ²)
268 2781 329 2815 Sic
365 2781 464 2814 enim
491 2781 632 2815 dudum
665 2783 778 2817 huius
810 2783 906 2827 legis
941 2784 1032 2817 fines
1068 2785 1242 2819 constitui
1278 2786 1315 2818 in
1350 2782 1517 2827 Append.
1546 2782 1629 2816 vrit.

272 2840 406 2885 disput.
434 2842 479 2876 dc
503 2841 634 2877 Ascon.
662 2855 697 2886 p.
723 2842 756 2878 8,
783 2843 852 2880 cfr.
881 2843 1005 2879 Hand.
1033 2844 1199 2880 Tun-sen.
1235 2845 1269 2878 11
1306 2856 1339 2888 p.
1377 2842 1456 2877 470.
1515 2841 1626 2886 Spal-
