1981 3390
422 283 519 335 154

352 413 419 448 est
451 418 546 447 cum
581 401 672 446 illis
705 416 792 446 rem
825 401 949 459 publ.
989 403 1299 451 vulnerarunt,-
1350 400 1506 444 durum
1545 407 1612 443 est
1652 407 1798 443 autem

351 497 376 526 e
407 497 456 526 re
481 482 663 538 publica
704 495 792 523 rem
829 480 1050 536 publicam
1083 482 1341 530 vuluerare3
1386 494 1467 522 nec
1499 480 1663 535 optima
1691 479 1800 520 ima-

349 564 453 619 gine
479 562 570 602 dies
597 574 687 601 rem
716 558 934 614 publicam
966 559 1197 601 vulnerare
1231 560 1451 607 dicuntur3
1483 560 1566 599 etsi
1598 557 1691 598 dies
1720 570 1800 610 pro

349 641 428 691 iis,
458 652 550 695 quae
578 638 647 678 die
678 637 824 692 aliquo
856 636 971 677 facta
1001 645 1123 688 sunt,
1168 639 1343 693 ponitur
1375 636 1429 677 ab
1463 635 1690 687 omnibus,
1721 634 1800 676 sed

350 717 426 758 ubi
458 717 751 757 communiore
785 713 920 755 verbo
961 721 1140 756 utuntur
1173 715 1340 771 (qualia
1371 723 1472 756 sunt
1503 713 1686 764 adferre
1716 713 1800 754 ali-

351 795 482 851 quid,
531 793 756 835 ostendere
797 795 925 842 etc.);
965 800 1081 841 tum,
1127 793 1240 847 qnod
1275 807 1353 845 per
1393 807 1440 833 se
1474 794 1687 833 minutum
1721 798 1802 842 est,

350 874 427 915 sed
457 873 511 914 ad
554 873 784 913 veritatem
825 870 1116 926 indagandam
1158 871 1306 926 magni
1342 871 1573 921 momenti,
1615 867 1802 910 debebat

348 965 587 1009 pronomen
629 951 707 991 ille
749 950 879 990 tertio
911 948 1082 1004 quoque
1119 947 1216 989 loco
1256 949 1397 1004 repeti
1437 949 1536 1000 (aut
1573 948 1673 998 ille,
1718 959 1801 1002 quo

350 1032 506 1084 arma).
563 1028 749 1070 Retento
773 1028 907 1083 igitur
941 1027 1132 1067 omnium
1163 1027 1358 1068 codicum
1387 1025 1620 1068 verborum
1650 1025 1802 1067 ordine

348 1107 594 1150 emendatio
646 1105 834 1161 petenda
884 1113 950 1146 est
997 1120 1020 1145 e
1064 1105 1211 1146 codice
1262 1106 1424 1160 optimo
1471 1113 1514 1146 et
1555 1104 1802 1146 Erfurtensi

346 1185 476 1243 plane
518 1192 561 1226 et
599 1182 812 1225 Bavarico
865 1183 1197 1238 aequiparando,
1253 1181 1533 1234 Coloniensi,
1586 1183 1660 1238 qui
1700 1190 1800 1224 ante

349 1277 470 1305 arma
503 1263 664 1303 omittit
696 1275 794 1316 quo.
867 1260 984 1301 Hinc
1015 1260 1107 1301 haec
1136 1259 1327 1301 efficitur
1356 1260 1510 1301 lectio:
1600 1259 1676 1300 ‘'e'si
1701 1273 1802 1301 vero

347 1347 428 1382 emt
453 1341 530 1381 ille
561 1339 677 1390 dies,
707 1352 790 1393 qno
829 1338 893 1379 Τι’.
929 1336 1153 1379 Gracchus
1184 1343 1249 1378 est
1283 1350 1441 1390 casn-9,
1475 1342 1555 1380 aut·
1583 1336 1689 1386 ille,
1719 1349 1813 1392 quor

353 1418 510 1469 Caius,
544 1422 624 1458 aut
652 1431 775 1458 arma
806 1414 1063 1467 Saturnini,
1107 1429 1221 1468 non,
1265 1420 1440 1457 etiamsi
1478 1430 1502 1457 e
1539 1429 1589 1457 re
1619 1414 1803 1472 publica

347 1510 552 1553 oppressa
583 1501 707 1546 sunt,
740 1508 828 1536 rem
849 1493 1073 1549 publicam
1102 1499 1247 1535 tamen
1276 1495 1575 1535 vulnerarunt.
1652 1493 1802 1549 Appa-

345 1584 440 1627 ret,
471 1573 726 1615 Ciceronem
771 1572 1068 1614 tantummodo
1115 1573 1162 1612 in
1209 1580 1409 1613 extremo
1450 1570 1645 1613 membro
1681 1571 1802 1612 addi-

346 1655 487 1705 disse,
530 1651 644 1708 quod
684 1665 744 1692 ex
786 1658 877 1692 tota
918 1651 1231 1691 sententiarum
1273 1651 1580 1691 consecutione
1622 1648 1802 1705 patebat

347 1733 480 1774 etiam
512 1732 557 1772 in
590 1731 772 1781 ceteris,
801 1729 1049 1770 necessaria
1080 1742 1127 1769 se
1153 1737 1336 1784 putare,
1371 1742 1464 1784 qnae
1497 1728 1611 1769 facta
1640 1735 1802 1779 essent,

348 1825 432 1867 quo
474 1808 605 1872 paulo
640 1809 783 1849 minus
821 1815 1022 1849 accurata
1065 1807 1180 1849 facta
1219 1815 1286 1848 est
1322 1806 1491 1863 periodi
1528 1807 1800 1861 compositio.

346 1890 487 1934 Arma
517 1896 661 1928 autem
697 1885 935 1927 Saturnini
960 1887 1022 1927 ita
1055 1886 1194 1935 dixit,
1237 1893 1309 1937 ut,
1347 1886 1429 1926 etsi
1458 1886 1632 1939 proprie
1662 1885 1801 1939 ipsius

345 1969 391 2010 in
425 1981 516 2008 rem
557 1965 677 2021 publ.
716 1967 904 2020 impetus
951 1963 1249 2021 significetur,
1288 1962 1420 2004 simul
1461 1962 1658 2003 defensio
1690 1963 1801 2018 reip.

347 2054 498 2088 contra
526 2046 621 2085 eius
655 2045 740 2084 vim
774 2043 1002 2098 cogitetur,
1035 2057 1119 2099 qua
1149 2044 1185 2083 is
1219 2042 1272 2083 ad
1303 2056 1422 2082 arma
1447 2041 1656 2095 capienda
1684 2054 1801 2082 com-

345 2124 498 2179 pulsus
526 2131 605 2163 est.
669 2121 763 2163 Iam
795 2120 1003 2176 praeclare
1038 2119 1220 2161 verbum
1252 2119 1620 2161 accommodatum
1655 2118 1801 2160 estad

347 2211 593 2244 extremum
628 2199 885 2240 subiectum.
941 2198 1034 2240 Nec
1063 2199 1294 2240 obscurum
1323 2207 1403 2249 est,
1437 2212 1520 2253 quo
1543 2197 1670 2239 modo
1687 2196 1799 2238 illud

347 2293 428 2335 qno
473 2279 571 2319 addi
611 2279 814 2332 potuerit.
888 2277 1039 2332 Itaque
1092 2277 1202 2318 hanc
1246 2277 1503 2331 scripturam
1545 2290 1658 2316 nunc
1703 2276 1798 2316 sine

348 2357 437 2399 ulla
464 2355 733 2397 dubitatione
766 2355 1002 2408 reciperem
1035 2355 1077 2393 in
1111 2361 1376 2394 contextum.

468 2434 752 2476 Manifestum
797 2432 1135 2472 additamentum
1178 2430 1416 2472 tollendum
1456 2429 1538 2471 fuit
1570 2443 1630 2470 ex
1668 2428 1798 2470 huius

349 2515 558 2558 orationis
592 2527 628 2554 c.
658 2513 734 2562 33,
773 2513 857 2561 90,
892 2509 967 2550 ubi
1004 2511 1048 2550 in
1081 2508 1262 2565 vulgata
1290 2508 1501 2550 lectione:
1533 2507 1609 2551 Aa
1637 2530 1694 2539 -—
1722 2507 1802 2548 ille

348 2594 534 2648 (lenique
565 2594 689 2632 vivus
722 2590 829 2630 mccli
858 2587 973 2629 nihil
997 2586 1216 2638 fecisset,
1261 2591 1340 2643 qui
1367 2592 1581 2637 mortuus,
1618 2598 1703 2626 uno
1739 2597 1799 2625 ex

347 2675 437 2714 sm's
479 2667 741 2711 satellitibus
786 2665 894 2708 Sex.
942 2666 1091 2708 Clodio
1135 2667 1264 2717 (luce,
1315 2669 1478 2706 curiam
1519 2663 1796 2706 incenderit?

347 2751 539 2792 additum
582 2761 736 2788 nomen
780 2760 864 2786 non
909 2744 1049 2787 solum
1081 2744 1355 2795 abundabat,
1396 2743 1471 2784 sed
1503 2745 1589 2783 vim
1624 2750 1797 2782 senten-

349 2830 418 2870 tiae
446 2825 762 2882 corrumpebat,
797 2838 889 2880 quaa
921 2825 980 2866 ita
1012 2826 1053 2865 in
1090 2823 1411 2880 comparatione
1443 2821 1648 2875 principis
1682 2819 1796 2859 sedi-

348 2908 513 2950 tionum
549 2914 591 2948 et
624 2906 750 2947 nnius
783 2901 986 2946 satellitis
1032 2905 1171 2959 posita
1213 2911 1303 2949 est,
1346 2909 1391 2942 ut
1421 2898 1617 2955 generali
1648 2896 1794 2954 appel·
