1981 3390
6 1583 9 1609 *-
5 1508 9 1527 .-
3 1392 10 1463 *0
2 1247 9 1374 -0--——
0 1066 9 1233 aa.---.-.-.-

1452 213 1540 263 127

167 353 236 383 me
271 346 410 380 norat.
478 334 624 388 Atque
661 328 742 373 illa
780 332 877 386 ipsa
907 330 1117 374 diiunctio
1150 333 1195 373 in
1227 335 1468 387 posteriore
1497 344 1619 390 parte

166 417 391 461 sententiae
421 413 480 465 (t'e
509 423 684 451 causam
716 431 770 441 —
803 412 869 464 se)
903 423 1080 462 eorum,
1119 423 1213 466 quae
1258 411 1303 452 in
1337 413 1480 467 priore
1519 427 1619 455 con·

162 499 307 539 iuncta
346 498 467 533 erant
511 490 574 540 (et
613 502 660 529 se
705 493 751 530 et
789 492 998 542 causam),
1046 502 1131 529 non
1174 488 1290 530 idem
1332 490 1385 530 de
1433 499 1618 545 utroque

162 560 320 616 dictum
353 583 476 619 esse,
511 567 740 608 ostendere
779 576 963 623 poterat.
1036 566 1129 608 Nec
1167 582 1272 609 sane
1311 568 1517 610 Latinum
1555 576 1622 609 est

158 662 296 706 prope
325 661 411 688 uon
443 661 522 702 pro
557 650 652 687 υιζυ.
715 646 801 688 Sed
836 648 1109 701 apertissima
1144 646 1234 688 haec
1267 645 1378 688 fiunt
1421 661 1480 688 ex
1521 661 1622 702 pro-

161 728 311 771 ximis.
372 726 579 766 Eiusdem
607 727 724 766 enim
751 726 901 767 iudicii
927 725 1053 781 piane
1085 728 1300 767 contraria
1324 739 1455 768 causa
1487 725 1623 766 subii-

160 808 297 857 citur,
331 807 543 860 primum:
600 803 743 844 Causa
773 808 885 844 euim
918 804 1188 858 splendidior
1205 805 1294 856 fiet
1324 814 1428 853 etc.;
1474 806 1622 860 itaque

161 899 257 927 eam
291 883 546 940 ignorabat,
578 884 650 938 qui
674 882 772 923 laedi
801 881 1007 937 putabat,
1039 880 1324 937 Chrysogono
1352 891 1624 937 vituperat03

163 963 345 1004 deinde:
374 961 452 1002 ille
468 960 803 1015 improbissimus
825 958 1262 1014 Chrysogonifaucooe
1279 983 1335 991 —
1351 960 1529 1001 laecmm
1542 967 1625 1002 etc.

160 1040 421 1085 Rectissime
459 1040 594 1094 igitur
630 1033 683 1078 de
716 1051 763 1079 se
797 1037 1017 1079 iudicabat
1051 1039 1300 1094 optimeque
1335 1047 1475 1079 norat.
1537 1037 1625 1080 Ita-

157 1134 244 1177 que
287 1118 488 1174 superius
534 1116 645 1158 illud
680 1116 867 1168 falsum,
911 1125 954 1157 et
995 1118 1259 1158 contrarium
1298 1117 1429 1172 plane
1466 1115 1621 1158 Cicero

158 1199 350 1253 scripsit.
414 1195 507 1238 Nec
536 1195 625 1236 alia
665 1203 733 1236 est
776 1196 909 1236 totius
942 1194 1030 1236 loci
1071 1197 1315 1248 sententia,
1364 1210 1519 1252 quam,
1553 1197 1627 1251 qui

163 1275 495 1331 Chrysogonum
538 1274 780 1329 vituperari
814 1272 1011 1324 nollent,
1060 1275 1229 1315 moveri
1270 1276 1538 1315 conscientia
1569 1275 1627 1315 si-

161 1353 331 1395 milium
373 1352 591 1403 sordium,
638 1351 682 1392 id
728 1360 817 1401 est,
868 1353 937 1392 sui
983 1353 1249 1408 cognitione.
1319 1352 1446 1394 Patet
1489 1354 1624 1408 igitur

161 1432 303 1474 relata
330 1433 443 1471 inter
472 1444 521 1471 se
554 1445 650 1471 esse
684 1444 857 1471 caus-am
894 1434 1094 1485 ignorat,
1128 1444 1175 1471 se
1207 1435 1343 1472 novit.
1401 1430 1626 1472 Particula

162 1523 356 1566 neganS,
389 1510 485 1550 sive
515 1522 662 1549 errore
707 1521 763 1549 ex
797 1509 938 1563 prima
981 1507 1107 1549 verbi
1147 1508 1319 1563 syllaba
1361 1517 1480 1560 orta,
1529 1510 1624 1550 sive

163 1589 311 1631 addita
341 1587 394 1630 ab
430 1589 656 1643 imperito,
691 1595 738 1627 ut
767 1595 884 1627 esset
917 1585 1000 1627 hoc
1029 1585 1174 1628 simile
1209 1587 1471 1643 praecedenti
1502 1590 1629 1642 igno-

163 1673 251 1720 rat,
280 1665 528 1723 praecedens
557 1664 820 1707 vocabulum
851 1666 1056 1720 corrupit.

287 1743 337 1786 C.
363 1745 434 1795 52,
468 1745 564 1785 150.
621 1742 784 1785 Nullus
806 1758 989 1800 usquam
1023 1744 1273 1799 perversior
1302 1742 1511 1799 loquendi
1538 1757 1630 1784 mo-

167 1823 247 1864 dus
279 1822 332 1864 ab
362 1821 602 1864 editoribus
636 1821 861 1863 Ciceronis
904 1822 1110 1863 defensus
1152 1830 1258 1874 est,.
1291 1836 1421 1877 qunm
1453 1824 1526 1876 qui
1561 1821 1631 1863 hic

168 1910 283 1942 erat:
313 1905 355 1942 u·
382 1914 467 1941 nou
500 1904 610 1940 catis
637 1899 770 1941 habet·
797 1904 1032 1941 avarillam
1062 1913 1182 1941 suam
1207 1904 1402 1954 pecnnia
1433 1901 1627 1953 explere,

170 1983 262 2019 nisi
288 1983 418 2019 etiam
455 1978 717 2018 crudelitate
755 1981 986 2031 sauguinis·
1008 1979 1198 2031 perlitus
1231 1981 1302 2017 sit.
1379 1977 1629 2019 Ridiculum

176 2064 242 2097 est
267 2057 439 2110 perliui
464 2059 705 2109 sanguine,
754 2055 891 2096 multo
923 2057 1064 2110 magis
1101 2055 1339 2096 crudelitas
1374 2059 1629 2110 sanguinis,-

172 2134 273 2190 quid
296 2135 464 2188 perlc‘m'
492 2133 788 2174 crudelitate?
853 2133 908 2173 Et
949 2135 1129 2188 sanguis
1169 2134 1264 2174 sine
1303 2132 1436 2174 dubio
1466 2133 1631 2175 intelli-

171 2213 339 2268 gendus
379 2210 566 2252 aliorum
601 2219 690 2262 est,
733 2212 806 2266 qui
842 2209 1188 2262 interficiuntur,
1232 2211 1467 2253 crudelitas
1496 2211 1632 2268 Chry-

171 2291 351 2346 sogoni3
381 2303 442 2330 ex
473 2289 541 2330 his
572 2284 814 2330 coniunctis
846 2288 1036 2330 efficitur
1064 2288 1144 2330 illa
1169 2289 1402 2331 crudelitas
1433 2304 1513 2332 sua
1534 2305 1633 2333 san·

172 2370 318 2425 guinis
351 2366 554 2418 aliorum,
588 2383 672 2424 qua
703 2369 797 2424 ipse
827 2367 1073 2423 perlinitur.
1130 2367 1204 2410 Ex
1238 2371 1464 2425 superiore
1495 2384 1630 2411 mem-

172 2445 276 2498 bro,
317 2449 551 2488 avaritiam
591 2460 712 2488 suam
747 2449 942 2501 pecunia
984 2447 1188 2503 explere,
1235 2449 1306 2489 cui
1351 2448 1434 2490 hoc
1472 2450 1534 2490 ita
1568 2458 1634 2490 est

174 2526 460 2576 contrarium,
508 2533 556 2566 ut
593 2526 789 2567 avaritiae
828 2524 1102 2582 Chrysogoni
1140 2525 1400 2578 crudelitas,
1439 2528 1633 2583 pecuniae

172 2605 354 2658 sanguis
387 2604 670 2660 respondeat,
715 2613 921 2661 apparet,
960 2605 1061 2661 quid
1102 2613 1248 2647 orator
1277 2605 1489 2653 voluerit;
1533 2619 1632 2646 sen-

175 2683 312 2723 tentia
343 2683 458 2723 enim
489 2682 580 2724 haec
612 2684 721 2725 fuit:
760 2685 845 2724 nisi
879 2685 1010 2725 etiam
1041 2682 1275 2725 crudelitas
1307 2684 1519 2740 sanguine
1553 2697 1632 2724 ex-

176 2758 298 2814 pleta
328 2762 399 2802 sit.
456 2760 548 2804 Iam
576 2776 655 2818 pro
691 2762 773 2805 illo
798 2763 990 2818 perlitus
1018 2763 1063 2804 in
1097 2761 1431 2805 Oxoniensibus
1462 2769 1505 2803 et
1534 2761 1629 2803 edd.

178 2845 284 2878 vett.
318 2839 473 2894 (1472,
521 2839 678 2897 148⁰),
708 2843 753 2885 id
788 2850 881 2894 est,
921 2851 969 2885 ut
1001 2843 1177 2900 opinor,
1218 2844 1261 2884 in
1290 2839 1490 2884 omnibus
1516 2840 1631 2885 codi-
