1981 3390
363 226 461 277 392

299 346 529 389 absurdam
573 346 886 399 elocutionem3
937 361 1036 393 nam
1078 363 1214 392 annus
1258 364 1415 393 annum
1459 365 1626 410 semper
1677 367 1745 396 se-

299 426 458 480 quitur.

418 498 467 541 C.
496 501 539 551 7,
578 503 634 543 16
666 501 859 543 Orellius
896 503 1148 546 Weiskium
1185 513 1359 547 secutus
1402 505 1558 548 edidit:
1601 512 1746 549 tamen

300 582 366 618 ost
395 577 628 627 eiusmodi,
675 579 874 632 cupidius
911 585 962 620 ut
995 584 1135 635 magis
1166 584 1378 622 insectari
1406 584 1587 624 alterius
1620 587 1745 625 inno-

302 658 510 703 centiam,
546 667 670 708 quam
701 654 755 695 de
783 668 829 695 se
860 655 1009 696 timide
1042 661 1237 711 cogitare
1271 658 1494 707 videntum
1538 661 1583 700 in
1619 661 1741 702 codd.

299 738 368 771 est
408 729 612 783 cupidus,
664 731 749 771 nisi
799 732 913 787 quod
961 729 1289 774 Gemblacensis
1342 734 1473 776 habet
1513 737 1746 791 cupidini-9,

299 807 591 857 FrancianuS,
623 808 815 848 omnium
845 807 1045 860 infimus,
1078 813 1369 851 eiusomuino
1403 811 1597 865 cupidus.
1658 813 1746 855 Sed

301 885 550 926 coniectura
573 883 652 925 illa
680 899 886 939 perversa
919 894 1006 935 est3
1036 901 1135 928 nam
1166 895 1214 928 ut
1242 889 1453 938 omittam,
1484 887 1649 930 nullam
1680 888 1750 930 hic

301 975 398 1002 esse
428 974 604 1002 causam
646 963 955 1018 transponendi
987 963 1241 1006 adverbium
1277 973 1375 1006 ante
1405 967 1751 1008 coniunctionem

302 1046 346 1078 et·
375 1036 658 1088 Ciceronem,
691 1040 1019 1091 si‘addidisset,
1050 1042 1310 1097 scripturum
1334 1042 1469 1083 fuisse
1501 1043 1669 1096 cupide,
1703 1050 1752 1083 ut

302 1115 357 1156 ad
386 1114 429 1156 id
459 1115 694 1156 referretur
715 1117 882 1166 timide,
912 1132 994 1158 nec
1020 1132 1198 1172 urgeam
1221 1120 1426 1159 vitiosum
1459 1133 1536 1172 per
1564 1133 1611 1160 se
1634 1132 1749 1160 com-

299 1193 599 1247 parativorum
644 1192 817 1234 diverso
862 1195 988 1235 modo
1032 1196 1271 1248 positorum
1313 1209 1567 1236 concursum
1610 1195 1751 1249 (cupi—

301 1269 399 1310 dius
439 1274 491 1310 ut
525 1272 699 1323 magis),
752 1277 893 1322 certe,
947 1272 1149 1327 quoniam
1192 1272 1390 1326 cupidius
1436 1271 1492 1313 ad
1538 1274 1750 1312 insectari

300 1346 519 1401 pertinere
549 1344 696 1397 debet,
725 1359 811 1387 non
841 1355 985 1402 potest
1014 1349 1076 1389 ita
1102 1348 1154 1389 ab
1186 1363 1239 1389 eo
1269 1348 1435 1399 divelli,
1469 1357 1517 1388 ut
1544 1349 1586 1389 id
1617 1350 1751 1390 inter-

300 1430 509 1475 ponatur,
549 1437 628 1477 per
661 1423 774 1478 quod
819 1437 914 1465 cum
948 1424 1086 1466 altero
1117 1425 1310 1468 membro
1344 1434 1613 1481 comparetur
1644 1426 1752 1476 (ma-

297 1503 370 1553 gis
402 1499 600 1554 cupidius
632 1503 867 1550 insectari,
911 1516 1036 1556 quam
1066 1503 1216 1544 timide
1247 1505 1478 1557 cogitare).
1539 1501 1656 1542 Vere
1686 1502 1751 1541 iu-

302 1577 463 1618 dicavit
492 1577 544 1618 de
561 1576 755 1618 hocloco
773 1578 1014 1619 Ernestius.
1074 1578 1186 1620 Nam
1208 1578 1317 1621 illud
1340 1579 1520 1633 cupidus·
1551 1592 1607 1620 ex
1636 1591 1750 1619 mar-

302 1653 441 1708 ginali
476 1661 551 1695 aut
582 1654 853 1696 interlineari
885 1663 988 1712 nota
1026 1657 1071 1696 in
1109 1664 1363 1698 contextum
1406 1663 1625 1710 receptum
1669 1662 1751 1703 est,

304 1732 565 1787 adscriptum
605 1731 658 1772 ad
697 1730 989 1773 definiendum
1038 1742 1154 1774 certo
1197 1735 1394 1782 nomine,
1441 1731 1554 1787 quod
1598 1730 1752 1772 Cicero

303 1809 475 1864 integra
515 1811 730 1850 sententia
775 1809 1032 1863 complexus
1076 1809 1334 1860 videbatur3
1377 1809 1453 1850 sed
1487 1810 1559 1864 qui
1592 1809 1751 1850 adscri-

302 1887 416 1938 psit,
447 1884 526 1925 illa
556 1891 698 1926 tamen
734 1892 800 1927 esc
837 1887 1048 1927 eiusmodi
1085 1901 1171 1927 non
1204 1887 1257 1928 de
1296 1901 1368 1936 re,
1410 1886 1485 1927 sed
1519 1885 1570 1926 de
1599 1884 1751 1926 Caelio

302 1964 398 2017 ipso
430 1964 621 2017 accepit,
667 1977 811 2004 errore
853 1971 948 2004 orto
990 1977 1050 2004 ex
1091 1978 1168 2014 eo,
1213 1963 1324 2019 quod
1356 1963 1583 2019 praecedit,
1608 1961 1751 2012 facit.

302 2039 564 2080 Huiusmodi
593 2039 759 2096 aliquot
788 2040 1096 2091 additamenta,
1129 2042 1430 2082 adnotationes
1455 2041 1599 2097 potius
1624 2054 1751 2095 quam

306 2116 535 2158 verborum
566 2119 948 2173 interpretamenta
980 2117 1208 2170 habentia,
1250 2120 1552 2173 antiquissima
1580 2119 1749 2158 suntin

305 2193 526 2235 Ciceronis
562 2196 692 2236 etiam
722 2195 847 2236 bonis
878 2195 1096 2237 codicibus
1137 2196 1235 2248 (cfr.
1263 2195 1420 2252 disput.
1456 2196 1509 2237 de
1536 2194 1751 2236 emendat.

304 2270 387 2312 loc.
429 2270 561 2326 aliqu.
586 2281 721 2333 xoratt.
759 2271 849 2314 Cic.
885 2287 929 2325 p.
962 2275 1044 2314 148
1074 2287 1166 2329 sqq.
1205 2282 1248 2314 et
1283 2273 1335 2314 de
1378 2272 1486 2313 locis
1526 2272 1750 2313 Vei-tinar-

305 2362 345 2402 p.
373 2349 453 2387 341
485 2350 620 2402 sqq.);
666 2363 822 2389 nomen
858 2351 1077 2404 proprium
1123 2351 1184 2391 ita
1227 2349 1418 2390 additum
1461 2350 1506 2388 in
1550 2346 1748 2388 omnibus

305 2422 523 2465 codicibus
556 2424 871 2479 deprehensum
902 2434 965 2466 cst
997 2427 1039 2465 in
1071 2425 1197 2465 huius
1231 2427 1364 2479 ipsius
1388 2424 1595 2465 orationis
1625 2425 1750 2465 initio

306 2501 546 2553 (Atratini)
575 2501 629 2551 ¹).

332 2698 369 2738 ¹)
397 2698 435 2730 C.
467 2698 510 2738 9,
550 2696 594 2731 21
622 2696 824 2730 cedendum
854 2697 1000 2731 videtur
1035 2697 1201 2731 codicum
1242 2699 1422 2730 bonorum
1462 2696 1675 2731 auctoritati
1718 2701 1754 2730 rt

397 2757 586 2791 rhetorico
613 2757 771 2792 artificio
797 2757 830 2791 in
860 2757 938 2794 his:
967 2759 1037 2792 Sed
1057 2763 1183 2792 vestras
1203 2758 1390 2801 sapientia:
1419 2762 1535 2790 tamari.
1561 2758 1627 2794 cst,
1658 2755 1751 2789 iudi-

398 2830 476 2854 ces,
508 2829 574 2851 non
603 2819 679 2852 idco
710 2819 804 2851 vobis
834 2830 969 2863 quoquo
1002 2831 1061 2852 vos
1089 2831 1232 2852 eausam
1258 2824 1391 2861 putare
1420 2822 1486 2852 cle.
1551 2815 1752 2850 Sciendum
