1981 3390
1433 243 1523 290 181

141 360 216 402 sed
264 373 324 402 ex
368 359 515 401 Latini
567 362 780 401 sermonis
836 370 945 408 usu,
1002 371 1108 413 qum
1157 366 1305 399 contra
1349 362 1586 413 saepissime

139 446 355 492 peccatur,
385 442 560 490 possem
578 445 620 477 et
640 435 770 478 simul
789 439 1116 476 commistus-ent
1132 433 1404 476 scribendum
1436 436 1585 476 fuisse.

260 513 310 562 C.
341 515 419 563 28,
450 516 505 554 77
534 512 762 554 edebatur:
813 514 846 554 0
866 513 933 553 etio·
952 513 1244 552 inanem-tales!
1275 526 1362 554 rem
1390 517 1587 553 miseram

139 596 185 632 et
212 591 504 631 calamitosam
520 592 538 630 ,Ι
602 589 728 638 Quod
760 594 807 630 iu
847 591 933 630 tali
974 594 1152 630 crimine
1193 593 1419 630 innocente·
1454 591 1591 630 saluti

136 668 249 707 solet
277 681 383 716 esse,
407 688 458 698 —
479 668 528 707 id
558 666 605 708 S.
626 669 786 709 Roscio
805 666 972 716 facere
995 681 1080 708 uon
1114 668 1230 707 lleet.
1296 667 1382 709 Sed
1414 667 1584 707 codices

139 743 314 785 Gruteri
354 758 504 785 omues
547 754 591 785 et
643 747 831 800 quinque
870 745 998 786 Oxx.
1045 744 1160 798 qaod
1212 753 1312 784 ante
1364 747 1590 784 innocenti

138 821 323 870 addunt;
355 832 508 862 sextus
536 821 686 863 Oxon.
720 824 878 864 omittit
906 826 952 862 in
981 822 1067 861 talc
1090 824 1269 861 crc'nn‘ne
1283 821 1398 875 quod
1412 829 1585 875 propter

138 900 456 954 repetitionem,
491 907 538 939 ut
571 900 650 938 vix
682 899 797 939 ullus
828 899 967 939 codex
999 897 1179 937 alterius
1207 897 1407 937 lectionis
1438 906 1587 938 auctor

136 977 214 1022 sit;
245 976 458 1016 editiones
491 989 661 1029 quoque
699 983 868 1016 veteres
903 973 1124 1014 codicibus
1156 975 1446 1023 consentiunt,
1480 987 1587 1028 quos

136 1050 324 1092 Beckius
366 1054 428 1092 ita
469 1060 642 1092 secutus
676 1060 766 1103 est,
809 1060 857 1092 ut
894 1053 1086 1105 ineptam
1120 1050 1200 1091 hoc
1232 1049 1329 1092 loco
1363 1051 1589 1091 induceret

136 1130 405 1185 pronominis
438 1129 719 1183 anaphoram.
793 1128 1087 1183 Adiungenda
1116 1136 1232 1179 erat,
1273 1136 1320 1168 ut
1349 1128 1459 1178 feei,
1497 1127 1586 1168 haec

137 1208 353 1248 sententia
399 1208 615 1261 superiori
661 1207 975 1248 exclamationi
1024 1221 1101 1260 per
1150 1204 1408 1262 perticulam
1460 1204 1587 1259 qaod.

136 1282 237 1324 Non
275 1286 321 1324 iu
361 1284 448 1324 talo*
494 1293 660 1325 tantum
703 1288 880 1324 cre'nn'ne
921 1282 1052 1337 (quod
1094 1285 1139 1323 in
1181 1283 1361 1338 vulgata
1398 1282 1586 1323 lectione

135 1360 326 1411 dieitur,)
367 1360 499 1401 saluti
532 1376 583 1402 ea
624 1376 694 1402 res
728 1375 823 1402 esse
867 1358 1063 1407 solebat3
1104 1360 1179 1400 sed
1217 1360 1444 1414 indignum
1481 1367 1587 1408 erat,

135 1438 205 1489 id,
248 1437 361 1492 quod
400 1437 641 1494 (universe)
686 1438 818 1479 saluti
871 1438 1093 1479 innocenti
1138 1451 1234 1476 esse
1274 1436 1460 1485 soleret,
1501 1450 1587 1476 non

134 1515 312 1556 concedi
351 1514 509 1556 Roscio
552 1518 597 1556 in
641 1515 719 1556 tali
760 1517 953 1556 crimine.
1026 1513 1286 1556 Necessaria
1328 1514 1462 1568 igitur
1494 1521 1586 1553 erat

133 1592 404 1648 pronominis
437 1591 516 1632 illo
548 1591 645 1633 loco
684 1592 869 1633 adiectio
892 1592 948 1641 ¹).

253 1667 358 1724 Cap.
390 1670 469 1720 33,
513 1671 594 1720 93,
635 1669 749 1725 quod
779 1668 1008 1711 Weiskius
1042 1668 1311 1717 coniecerat,
1344 1680 1404 1707 ex
1434 1666 1587 1706 editio-

134 1745 265 1788 nibus
297 1739 518 1788 veteribus
554 1748 750 1797 restitui,
797 1752 964 1787 ceteras
992 1758 1206 1800 quoque
1227 1743 1479 1793 facultates
1508 1757 1586 1797 pro

136 1830 303 1865 ceteras
332 1823 583 1874 facultates
635 1838 815 1879 quoque.
901 1822 1413 1878 Transpositio,vitiosa
1459 1820 1588 1860 huius

132 1901 384 1958 particulae,
421 1915 548 1956 quam
588 1903 759 1942 mireris
793 1903 930 1942 aciem
964 1901 1185 1941 hominum
1221 1900 1445 1940 doctorum
1479 1898 1588 1937 effu·

133 1993 252 2035 gere,
282 1978 620 2033 deprehenditur
646 1978 877 2032 aliquoties
901 1980 944 2017 in
963 1977 1088 2017 libris
1114 1984 1187 2015 aut
1218 1976 1270 2015 ad
1301 1975 1470 2015 codices
1502 1987 1587 2013 non

133 2057 240 2096 satis
275 2057 445 2095 exactis
486 2063 560 2094 aut
599 2068 780 2108 quorum
820 2053 930 2093 nulli
973 2061 1072 2092 sunt
1104 2051 1208 2092 boni
1240 2060 1282 2091 et
1315 2052 1480 2105 antiqui
1514 2064 1586 2090 co-

135 2132 276 2182 dices3
307 2132 350 2171 in
381 2129 495 2181 illis,
525 2130 730 2171 adhibitis
764 2128 1005 2179 codicibus,
1041 2143 1210 2184 semper
1244 2127 1434 2179 tollitur,
1468 2126 1585 2168 velut

162 2291 200 2334 ²)
230 2289 434 2324 Steinmetz
468 2290 514 2323 do
549 2290 802 2335 discrepantia
835 2290 1030 2334 scripturae
1064 2288 1160 2322 nihil
1192 2288 1292 2322 dicit.
1355 2288 1477 2322 Paulo
1507 2290 1589 2332 post

226 2363 257 2384 c.
284 2350 342 2391 30,
367 2349 426 2389 85,
453 2350 560 2384 video
586 2363 705 2395 nuper
733 2351 860 2392 fuisse,
882 2350 946 2394 qui
974 2349 1100 2383 mendi
1125 2353 1254 2382 notam
1281 2348 1362 2382 voci
1379 2348 1587 2392 implicatus

226 2421 249 2444 a
273 2422 332 2444 me
359 2422 505 2455 quoque
534 2411 700 2445 additam
734 2411 781 2444 ab
819 2421 861 2443 ea
887 2410 1072 2443 removeri
1098 2410 1266 2450 iuberi-t,
1306 2413 1438 2453 utpote
1475 2419 1587 2452 quam

223 2472 320 2505 bene
348 2471 614 2505 Steinmetziua
636 2471 870 2505 defendisset.
928 2469 1080 2504 Scilicet
1100 2470 1129 2503 is
1147 2481 1259 2502 unmn
1280 2469 1462 2513 praestitit,
1489 2469 1588 2512 quod

225 2543 318 2576 opus
341 2543 413 2564 non
441 2536 545 2572 crat,
582 2536 623 2565 ut
646 2533 819 2573 doceret,
845 2531 919 2566 diei
945 2531 1128 2576 implicari
1151 2531 1207 2564 rei
1229 2535 1294 2564 aut
1320 2531 1356 2563 in
1379 2541 1474 2569 ren1,·
1513 2530 1586 2562 duo

225 2602 299 2627 nou
325 2592 514 2636 praestitit,
555 2597 595 2626 ut
629 2593 840 2626 ostenderet
865 2593 938 2626 dic-i
976 2592 1160 2635 implicari
1183 2591 1232 2623 ad
1256 2602 1354 2628 rem,
1391 2589 1489 2633 quod
1513 2599 1585 2621 non

225 2652 348 2686 solum
374 2652 457 2686 usui
481 2653 544 2686 sed
581 2653 766 2697 analogiae
792 2657 828 2687 et
853 2651 1119 2696 significationi
1154 2651 1259 2685 verbi
1286 2652 1493 2694 repugnat,
1521 2651 1587 2681 aut

222 2713 359 2747 saltem
393 2712 601 2755 implicatus
633 2714 805 2748 absolute
842 2713 917 2747 dici
955 2714 1000 2746 de
1047 2712 1172 2746 animo
1214 2709 1400 2749 hominis,
1441 2712 1483 2742 ut
1517 2707 1586 2741 illa

224 2770 347 2806 laxius
372 2772 625 2815 adhaererent,
659 2773 791 2809 deinde
815 2777 856 2810 ut
884 2773 1178 2814 demonstraret,
1217 2767 1399 2815 implicari
1422 2767 1584 2812 aliquem

229 2833 417 2867 uvorc'taee'
441 2844 557 2877 pone.
