1981 3390
422 257 521 305 328

357 376 440 416 etsi
468 376 715 415 necessario
744 375 991 431 frequenter
1031 377 1078 418 in
1114 389 1166 418 ea
1194 378 1435 429 incurram,
1480 390 1573 433 quae
1606 379 1800 434 singula-

356 454 433 493 tim
461 461 589 493 antea
618 452 737 503 dixi,
770 468 986 506 unamque
1020 463 1062 495 et
1094 454 1274 496 alteram
1302 465 1509 510 praeterea
1538 456 1802 496 emendatio-

356 543 455 569 nem
495 543 749 584 proponere.
829 531 1021 570 Primum
1058 532 1191 585 igitur
1234 532 1460 586 Zumptius
1500 534 1802 573 auctoritatem

358 606 553 647 codicum
584 604 968 646 Ciceronianorum
1002 609 1247 647 auctoritati
1274 617 1470 649 veterum
1504 611 1804 665 grammatico-

356 697 452 723 rum
490 683 736 735 anteposuit
774 682 872 730 (cfr.
916 683 969 722 ad
1008 682 1203 724 Divinat.
1235 685 1314 733 19,
1354 685 1450 736 62),
1487 687 1581 726 iure
1618 687 1803 741 quidem,

359 766 570 813 quatenus
598 758 650 797 de
683 758 790 811 ipsis
823 757 977 799 horum
1020 758 1239 799 codicibus
1271 775 1424 814 parum
1456 763 1670 803 interdum
1705 777 1804 804 con-

357 843 444 875 stat
483 843 526 874 et
556 834 608 874 de
638 835 799 874 cstandi
836 835 1087 890 dssigenfia3
1126 835 1203 876 sed
1237 837 1282 876 in
1314 851 1364 877 ea
1396 852 1443 878 re
1473 838 1601 892 paulo
1630 838 1805 894 longius

356 925 642 967 progressus,
694 913 825 952 nimis
874 914 919 952 in
969 911 1132 967 aliquot
1180 911 1289 953 locis
1330 913 1452 954 illam
1507 917 1807 957 auctoritatem

359 990 538 1043 sprevit.
605 988 790 1028 Ostendi
820 991 934 1038 iam,
967 988 1200 1029 lectionem
1232 992 1478 1031 coniectura
1512 995 1807 1048 excogitatam

360 1064 424 1120 (Ι,
456 1065 535 1115 15,
564 1063 637 1118 39)
669 1065 852 1105 Asconii
883 1066 976 1120 (qui
1006 1066 1180 1119 dicitur)
1212 1074 1254 1106 et
1284 1066 1522 1123 Augustini
1552 1071 1808 1110 auctoritate

359 1139 546 1189 firmari;
588 1141 696 1182 alibi
731 1142 849 1192 (Act.
886 1141 931 1192 I,
971 1145 1024 1193 6,
1056 1145 1133 1192 16,
1166 1142 1265 1183 Lib.
1307 1143 1354 1194 Ι,
1382 1146 1461 1195 33,
1495 1147 1550 1185 83
1581 1149 1682 1196 etc.)
1714 1148 1808 1200 ipse

360 1218 589 1273 Zumptius
607 1218 788 1259 Asconii
808 1221 1108 1259 auctoritatem
1137 1219 1354 1260 codicibus
1383 1223 1629 1276 praeposuit.
1678 1223 1808 1263 Simi-

358 1294 460 1336 liter
492 1295 685 1336 codicum
716 1295 976 1336 lectionibus
1006 1304 1211 1351 praestare
1243 1298 1498 1351 scripturam
1527 1299 1638 1352 apud
1659 1297 1811 1340 Gram-

360 1374 540 1413 maticos
581 1381 798 1428 repertam
845 1374 1006 1422 evincit
1056 1387 1168 1413 nunc
1212 1387 1306 1413 cum
1351 1373 1419 1413 his
1459 1374 1622 1415 faciens
1668 1376 1810 1416 codex

359 1448 600 1489 Vaticanus
642 1452 688 1491 in
731 1449 832 1490 libr.
867 1449 912 1500 I,
950 1451 1020 1500 47,
1061 1451 1142 1490 123
1185 1450 1291 1502 (iste
1330 1465 1409 1504 pro
1443 1452 1504 1504 εἷς)
1545 1460 1586 1491 et
1617 1453 1692 1502 48,
1727 1453 1809 1493 125

361 1527 427 1575 (in
460 1540 534 1566 eas
563 1526 828 1567 hereditates
859 1541 937 1581 pro
980 1527 1039 1566 acl
1067 1530 1159 1579 eas)
1192 1535 1233 1566 et
1268 1527 1349 1576 52,
1385 1528 1466 1567 138
1496 1531 1572 1577 (ex
1602 1542 1685 1582 quo
1712 1527 1808 1569 loco

359 1610 514 1656 praeter
543 1603 813 1644 priscianum
862 1604 993 1643 etiam
1025 1603 1258 1656 Pompeius
1292 1601 1482 1644 Gratum.
1520 1603 1811 1645 inhumaniter

362 1680 508 1730 citat);
542 1679 741 1735 idemque
770 1679 848 1720 lib.
881 1679 926 1730 I·,
968 1681 1048 1730 42,
1090 1681 1173 1719 109
1210 1693 1386 1732 prorsus
1428 1694 1520 1720 eam
1553 1682 1808 1736 scripturam

363 1755 611 1807 confirmat,
639 1772 765 1812 quam
791 1759 836 1797 in
865 1758 1024 1812 disput.
1053 1757 1104 1796 de
1133 1755 1294 1797 Ascon.
1313 1770 1354 1810 p.
1372 1758 1428 1796 46
1446 1765 1534 1797 not.
1555 1772 1611 1797 ex
1628 1757 1810 1798 Asconii

362 1817 552 1873 editione
596 1835 848 1875 sumendam
897 1835 1017 1884 dixi,
1061 1847 1243 1888 quacum
1283 1834 1327 1872 in
1372 1818 1601 1874 verborum
1644 1835 1808 1884 ordine,

363 1910 476 1963 quod
507 1919 633 1965 caput
665 1912 746 1952 hoc
777 1912 874 1953 loco
908 1920 997 1961 est,
1031 1911 1304 1951 consentiunt
1334 1910 1597 1961 Priscianus,
1628 1911 1813 1966 Stepha-

361 2001 469 2038 nus,
502 1987 766 2040 Lambinus,
800 1989 1076 2043 codicesque,
1110 1989 1156 2027 ni
1181 1986 1326 2038 fallor,
1359 1985 1584 2027 Guelferb.
1617 1989 1735 2042 prior
1768 1995 1811 2028 et

360 2065 617 2115 Leideusis3
663 2081 737 2107 cur
779 2066 1024 2107 necessaria
1063 2066 1143 2114 sit,
1182 2063 1243 2104 ibi
1286 2065 1406 2114 dixi3
1448 2066 1490 2104 in
1523 2064 1712 2119 Zumptii
1748 2064 1812 2105 le-

362 2144 518 2192 ctione,
553 2157 680 2197 quam
713 2145 845 2184 miror
878 2145 1007 2184 etiam
1039 2143 1211 2197 cognita
1239 2141 1442 2182 Vaticani
1473 2143 1684 2196 scriptura
1713 2156 1811 2183 eum

360 2219 591 2272 probasse,
626 2220 958 2275 languhfissnua
989 2228 1053 2260 est
1085 2218 1303 2274 generahs
1337 2217 1565 2259 aflhanafio
1600 2228 1643 2259 et
1676 2218 1812 2266 fisssa3

364 2309 463 2335 nani
497 2296 712 2336 debebant
741 2312 891 2337 onines
924 2306 1024 2338 ante
1055 2306 1150 2338 acta
1178 2305 1272 2337 rata
1303 2310 1398 2336 esse
1437 2297 1552 2349 pati,
1594 2309 1677 2335 non
1721 2296 1812 2350 pati

364 2386 539 2422 omnes,
587 2373 740 2412 Verris
793 2373 936 2412 scelus
986 2373 1189 2426 exemplo
1241 2381 1346 2412 erat.
1426 2371 1576 2425 Itaque
1623 2371 1811 2413 nondum

364 2447 520 2490 abiicio
553 2450 596 2489 in
629 2447 726 2488 libr.
758 2447 804 2499 Ι,
836 2450 915 2499 56,
946 2451 1027 2489 147
1056 2447 1521 2503 scripturam‘Asconii
1550 2452 1815 2502 manupretii

452 2608 538 2630 nem
566 2597 729 2641 figurate
754 2607 834 2630 rem
861 2596 1028 2641 aliquam
1062 2595 1139 2629 illis
1180 2595 1268 2629 solis
1299 2596 1421 2630 verbis
1450 2600 1490 2629 ut
1515 2615 1559 2622 —-
1588 2598 1813 2640 cognovistis

457 2657 687 2702 significasse
710 2662 746 2691 et
771 2662 869 2699 tum,
910 2657 1015 2702 quasi
1040 2668 1336 2690 commemorare
1361 2658 1500 2698 nollet,
1529 2658 1716 2698 omisisse,
1743 2669 1811 2690 nec

455 2722 535 2754 ulla
560 2718 749 2753 sufficiens
786 2717 1010 2762 significatio
1038 2721 1092 2751 est
1125 2717 1161 2750 in
1189 2717 1232 2750 iis
1260 2717 1382 2750 verbis
1408 2722 1443 2751 ct
1467 2717 1545 2751 cius
1571 2718 1704 2762 figurae
1730 2717 1813 2751 alia:

457 2785 542 2815 sunt
562 2782 690 2815 formae
716 2783 752 2814 et
777 2782 1018 2814 verumtamen
1044 2778 1220 2822 postulat,
1248 2781 1287 2813 ut
1312 2778 1453 2822 aliquid
1483 2776 1647 2821 coeperit
1673 2776 1811 2819 dicei-c,

456 2842 500 2875 ad
533 2841 629 2885 quod
655 2841 793 2875 redcat.
