1981 3390
408 233 508 283 446

343 353 500 406 debet,
539 366 625 395 non
666 351 777 406 dici,
821 352 1077 410 quibusnam
1110 354 1195 394 ista
1239 353 1488 408 praescripta
1529 353 1644 405 sint,
1685 354 1799 410 quod

345 432 485 473 omitti
515 444 600 472 non
629 439 812 487 poterat.
874 431 938 472 Eo
972 439 1224 486 perspecto,
1255 431 1368 486 quod
1399 429 1526 486 quale
1557 432 1641 481 sit,
1669 430 1797 472 intel-

345 507 428 564 ligi
459 509 589 549 etiam
619 522 677 548 ex
709 509 848 562 capite
875 509 958 559 44,
999 510 1056 548 96
1082 516 1226 563 potest
1254 508 1382 559 (Rem
1426 511 1584 562 qnaert's
1613 508 1800 562 proecla·

345 599 438 627 ram
471 588 692 626 iuventuti
720 584 780 624 ad
809 584 1080 634 discendum,
1120 597 1201 624 nec
1229 583 1335 625 mihi
1367 583 1585 635 difficilem
1615 585 1675 624 ad
1693 597 1800 638 per·

346 662 633 715 docendum),
688 662 762 701 via
802 669 950 713 aperta
995 668 1061 701 est
1104 660 1158 701 ad
1212 661 1440 701 veritatem
1477 661 1797 701 inveniendam.

345 739 475 780 Latet
515 740 628 778 enim
670 738 714 777 in
754 738 849 777 istis
890 736 1029 778 literis
1065 738 1311 777 terminatio
1351 735 1614 777 substantivi
1645 737 1793 779 dativo

347 829 450 857 casu
481 816 639 869 positi,
678 816 800 855 cuius
835 814 1004 869 reliqua
1038 828 1138 869 pars
1171 816 1216 854 in
1248 814 1396 854 codice
1439 813 1670 867 archetypo
1701 828 1801 866 pro·

345 901 442 947 pter
483 892 782 947 compendium
817 893 1039 947 scripturae
1082 890 1255 933 difficile
1298 890 1488 931 aliamve
1531 889 1586 931 ob
1627 904 1801 931 causam

345 968 577 1010 obliterata
606 969 684 1017 sit3
725 983 804 1009 nec
838 969 880 1009 id
915 968 1032 1009 aliud
1061 969 1166 1019 fuit,
1212 981 1339 1023 quam
1377 967 1490 1022 quod
1532 965 1670 1008 altero
1703 965 1801 1008 loco

345 1054 412 1087 est
452 1045 667 1101 positum,
715 1047 943 1086 iuventuti.
1021 1044 1071 1085 In
1116 1044 1337 1086 tribunatu
1380 1046 1565 1100 primum
1604 1045 1802 1095 iuvenes,

347 1122 706 1178 quemadmodum
738 1135 784 1162 se
818 1123 863 1162 in
895 1136 941 1162 re
972 1120 1149 1176 publica
1181 1123 1348 1176 gesturi
1393 1130 1562 1172 essent,
1603 1121 1803 1161 ostende-

348 1198 453 1241 bant
477 1201 532 1251 ι).
606 1197 743 1239 Paulo
775 1207 871 1253 post
899 1199 942 1238 in
970 1197 1036 1238 his
1067 1196 1236 1239 verbis:
1269 1197 1376 1238 milti
1403 1198 1457 1238 de
1492 1198 1643 1238 iisdem
1676 1195 1802 1238 rebus

346 1290 438 1317 esse
455 1275 658 1325 arbitror,
690 1279 731 1315 se?
749 1289 833 1316 non
853 1275 1053 1315 subtilius
1066 1275 1384 1329 disputandum,
1406 1279 1596 1325 atcerte,
1621 1273 1802 1324 iudices,

348 1353 563 1393 dolentius
613 1352 946 1406 deplorandum,
1003 1361 1050 1393 ut
1103 1353 1322 1394 adsentiar
1376 1352 1513 1393 codici
1564 1351 1803 1392 parisiensi

348 1428 532 1484 (Naug.)
561 1437 604 1469 et
637 1429 729 1470 cod.
757 1428 804 1469 C.
837 1429 987 1484 steph.
1017 1429 1271 1485 duobusque
1301 1427 1633 1470 Oxoniensibus
1667 1426 1717 1478 C,
1747 1425 1803 1478 T,

350 1505 612 1547 vocabulum
642 1505 809 1546 indices
839 1505 1112 1557 delentibus,
1144 1507 1247 1548 facit
1277 1506 1588 1556 incommodus,
1619 1514 1667 1545 ut
1696 1503 1804 1545 mihi

347 1583 543 1633 videtur,
584 1584 677 1622 eius
714 1584 909 1637 positus;
950 1598 1089 1638 neque
1128 1585 1243 1624 enim
1281 1598 1308 1624 a
1347 1582 1572 1638 particulis
1610 1588 1660 1622 at
1688 1586 1806 1621 certe

348 1660 416 1710 id,
461 1659 573 1714 quod
616 1660 828 1711 superiori
865 1661 1127 1710 contrarium
1157 1668 1245 1711 est,
1290 1659 1444 1701 diuelli
1478 1673 1584 1699 voce
1615 1659 1805 1710 interpo-

349 1737 434 1777 sita
464 1750 590 1791 posse
621 1735 772 1783 cred03
815 1749 894 1776 nec
933 1735 1027 1776 ulla
1066 1745 1132 1776 est
1172 1736 1253 1777 hoc
1295 1736 1392 1777 loco
1424 1736 1587 1776 iudices
1617 1732 1803 1787 compel-

347 1812 466 1853 landi
497 1818 652 1862 ca'usa,
685 1825 769 1851 non
809 1812 1039 1852 exordium
1071 1811 1256 1852 alicuius
1285 1812 1401 1864 loci,
1449 1826 1533 1852 non
1568 1809 1804 1860 conclusio,

349 1903 435 1929 non
467 1890 697 1937 transitus,
730 1902 815 1928 non
848 1889 894 1928 in
924 1903 970 1929 re
999 1888 1273 1930 memorabili
1305 1891 1544 1930 animorum
1579 1889 1804 1928 excitatio.

349 1964 488 2007 Paulo
525 1965 638 2005 infra
682 1978 838 2015 voceS,
878 1979 971 2020 quae
1007 1965 1060 2006 ab
1088 1965 1313 2022 Hervagio
1343 1965 1654 2021 Naugerioque
1688 1965 1806 2006 adie-

354 2050 431 2083 ctae
463 2050 577 2092 sunt,
611 2042 848 2082 insolenter
879 2048 935 2093 et,
961 2057 1088 2094 nunc,
1119 2044 1400 2084 dissentiente
1434 2044 1526 2084 cod.
1555 2042 1806 2093 Parisiensi,

353 2127 533 2173 apparet
565 2133 739 2174 prorsus
778 2121 1086 2161 recentissimae
1117 2135 1213 2162 esse
1246 2122 1452 2176 Originis,
1498 2128 1614 2161 ortas
1645 2118 1698 2160 ab
1738 2133 1805 2168 eo,

354 2197 427 2251 qui
454 2210 533 2236 nec
573 2209 618 2235 se
659 2196 819 2247 offerre
851 2196 962 2237 nude
1005 2196 1208 2252 probaret
1241 2207 1284 2239 et
1320 2198 1528 2252 asyndeto
1561 2196 1805 2238 offendere-

352 2280 435 2313 tur.
517 2272 603 2313 Sed
633 2286 679 2313 se
711 2274 896 2325 offerre,
927 2274 1039 2329 quod
1068 2275 1220 2315 mediae
1251 2284 1317 2316 est
1349 2273 1713 2331 significationis,
1743 2274 1806 2314 ita

443 2457 534 2493 dicit
556 2456 615 2491 vir
637 2457 891 2500 clarissimum
928 2469 1060 2492 verum
1098 2456 1235 2491 dicitur
1261 2469 1433 2502 magnam
1462 2459 1496 2492 in
1523 2459 1647 2503 aliqua
1672 2470 1711 2492 re
1736 2471 1803 2492 au·

445 2517 652 2551 cleritatem
686 2518 818 2552 habere
850 2522 887 2552 et
922 2518 1083 2559 similia3
1132 2518 1386 2552 auctoritatem
1424 2519 1482 2562 (id
1517 2524 1594 2561 est,
1631 2521 1805 2565 regulam

445 2578 669 2613 auctoritate
695 2579 972 2620 confirmatam)
1000 2583 1035 2612 ct
1062 2578 1291 2621 disciplinam
1311 2581 1550 2623 praescribere
1575 2580 1611 2612 in
1631 2580 1805 2621 faciendo

443 2649 513 2684 pro
542 2649 610 2680 co,
639 2639 738 2682 quod
762 2644 818 2674 est
845 2639 1031 2681 faciendi,
1061 2649 1169 2672 nemo
1206 2650 1294 2672 sanc
1320 2640 1423 2674 dixit.
1481 2640 1665 2675 Similiter
1689 2640 1803 2686 paulo

444 2702 528 2742 post
553 2698 595 2740 6,
619 2699 665 2733 15
689 2699 726 2734 in
751 2700 879 2735 multis
906 2700 1010 2734 codd.
1038 2698 1180 2744 legitur
1206 2699 1242 2732 in
1270 2711 1345 2744 rep.
1375 2701 1625 2746 naufragium.

381 2759 419 2803 ²)
444 2759 485 2793 In
511 2759 689 2804 proximis
722 2760 845 2795 verbis
881 2760 1090 2796 tollendum
1121 2771 1199 2796 csse
1225 2759 1391 2805 quidem,
1418 2760 1492 2798 dixi
1521 2761 1559 2798 in
1588 2761 1730 2798 dissert.
1759 2759 1803 2794 de

447 2820 627 2858 Caeliana
660 2821 788 2867 [supra
814 2834 848 2867 p.
878 2820 975 2865 407}
