1981 3390
1411 214 1503 262 137

126 340 212 382 bat.
271 339 418 394 ltaque
448 347 596 377 eorum
625 345 779 384 causa,
822 333 895 388 qui
936 331 1026 374 haec
1058 341 1285 383 curarent,
1329 331 1452 374 brevi
1478 344 1570 376 tan-

125 429 216 460 tum
247 415 514 473 proefatione,
547 425 675 467 quam
707 412 920 452 rationem
954 412 1178 466 scriptura}
1210 413 1572 466 recognoscendae

125 495 385 541 tenuissem,
415 488 663 539 declaravi,
702 503 918 545 quumque
950 489 1003 530 de
1033 487 1252 545 exemplis
1284 488 1451 545 aliquot
1481 504 1573 531 mu-

125 569 334 614 tationum
378 568 616 618 factarum,
670 569 861 608 maxime
913 580 973 607 ex
1025 566 1295 608 orationibus
1343 582 1422 623 pro
1464 569 1574 610 Sex.

121 647 282 690 Roscio
329 645 540 687 Amerino
589 653 632 686 et
674 645 727 686 de
777 646 960 699 imperio
1008 643 1087 686 Cn.
1133 644 1329 701 Pompeii
1373 648 1574 702 sumptis,

122 725 364 775 dixissem,
391 726 435 764 in
466 723 646 773 ceteris,
678 737 771 779 quae
800 731 1058 774 mutassem,
1091 722 1292 764 similiter
1325 738 1393 765 me
1427 733 1575 766 aucto-

122 804 297 844 ritatem
327 811 402 843 aut
431 802 645 843 rationem
674 799 946 856 probabilem
979 809 1176 841 secutum
1209 815 1306 842 esse
1334 801 1450 843 credi
1467 802 1575 843 mihi

126 878 261 921 volui.
322 879 406 922 Sed
425 887 568 919 tamen
592 879 704 919 ratio
734 892 874 933 neque
897 892 1018 934 aeque
1047 879 1093 918 in
1127 877 1326 919 omnibus
1355 878 1463 920 locis
1497 894 1573 935 ap-

123 965 248 1013 paret
274 969 414 1012 neque
443 953 752 996 nonnullorum
778 955 1025 1006 adsensum,
1063 956 1149 996 nisi
1164 957 1366 1011 exposita
1384 955 1576 1009 uberius,

124 1043 385 1090 extorquet,
429 1034 624 1074 maxime
668 1031 745 1075 ubi
778 1032 1110 1074 auctoritatibus
1141 1042 1371 1090 repugnat.
1427 1034 1578 1077 Placet

123 1113 258 1167 igitur
288 1110 484 1153 locorum
518 1124 580 1152 ex
621 1112 777 1152 ceteris
818 1110 1113 1164 orationibus,
1150 1113 1196 1153 in
1230 1111 1385 1168 quibus
1419 1114 1579 1154 consti-

124 1190 298 1232 tuendis
344 1191 593 1231 coniectura
629 1202 757 1231 usum
797 1203 867 1232 me
910 1203 1007 1231 esse
1045 1191 1090 1231 in
1132 1192 1329 1246 margine
1370 1191 1576 1242 indicavi,

124 1268 320 1309 maxime
369 1262 608 1322 insignium
652 1276 854 1309 accurata
892 1270 1230 1323 pertractatione
1276 1267 1479 1320 efficere,
1522 1282 1578 1310 ne

124 1344 234 1386 illud
270 1354 361 1386 tum
392 1346 553 1386 iniuria
586 1344 832 1401 postulasse
867 1345 1036 1386 videar.

244 1421 344 1463 Non
376 1432 571 1478 repetam
604 1431 749 1464 autem
780 1423 861 1464 hoc
884 1422 997 1474 loco,
1030 1436 1124 1478 quae
1149 1424 1193 1464 in
1218 1423 1297 1465 illa
1321 1425 1577 1480 praefatione

125 1500 178 1541 de
211 1501 499 1541 instrumento
540 1501 688 1541 critico
731 1500 884 1541 harum
928 1502 1173 1542 orationum
1213 1503 1392 1557 eiusque
1422 1517 1505 1544 usu
1537 1511 1581 1544 et

126 1578 180 1619 de
220 1577 415 1634 vulgatae
462 1578 665 1619 lectionis
707 1578 965 1619 auctoritate
1002 1579 1113 1619 dixi.
1191 1577 1383 1622 Tantum
1417 1596 1579 1636 ponam

128 1654 320 1698 breviter
341 1656 395 1698 de
421 1656 609 1712 singulis
631 1654 921 1697 orationibus:
954 1655 1296 1713 Philippicarum
1321 1649 1507 1700 ¹duarum
1538 1668 1582 1701 et

127 1732 381 1776 Milonianae
427 1736 622 1776 recensio
673 1748 735 1775 ex
779 1734 956 1789 optimis
996 1735 1217 1777 codicibus
1258 1737 1386 1778 ducta
1442 1752 1581 1794 expo-

126 1811 274 1854 lienda
306 1813 434 1854 modo
465 1814 570 1864 fuit,
612 1813 877 1869 Ligariana,
911 1811 1040 1854 valde
1074 1822 1203 1855 antea
1236 1815 1521 1870 interpolata,
1555 1830 1579 1857 e

128 1890 276 1932 codice
309 1890 556 1932 Ersurtensi
588 1890 773 1947 aliisque
796 1891 922 1933 bonis
944 1890 1164 1932 codicibus
1182 1893 1412 1947 insigniter
1436 1907 1583 1933 emen-

130 1967 299 2018 danda,
329 1967 441 2023 quod
475 1966 646 2021 plenius
681 1967 777 2008 fieri
808 1970 1046 2022 potuisset,
1079 1970 1163 2008 nisi
1189 1968 1373 2010 aliorum
1405 1969 1582 2012 illorum

131 2044 326 2086 codicum
369 2045 594 2099 scripturoe
635 2043 1013 2100 negligentissime
1056 2054 1238 2087 enotatae
1278 2046 1484 2097 fuissent3
1537 2050 1581 2090 in

130 2120 417 2166 Deiotariana
446 2122 577 2166 iidem
605 2122 774 2164 codices
805 2122 940 2166 multo
974 2125 1114 2164 minus
1145 2132 1244 2166 sunt
1278 2125 1461 2180 integri3
1498 2125 1581 2169 Ca-

129 2198 419 2241 tilinariarum
449 2209 492 2242 et
519 2202 628 2252 eius,
661 2214 754 2256 quae
787 2215 865 2256 pro
894 2200 1059 2243 Archia
1091 2210 1182 2252 est,
1213 2201 1323 2242 nulli
1351 2211 1450 2243 sunt
1478 2217 1583 2259 prae-

128 2284 293 2318 stantes
323 2277 519 2329 codices,
553 2277 752 2318 nonnulli
786 2292 872 2319 non
904 2277 1033 2331 mali,
1066 2278 1141 2320 sed
1170 2278 1239 2320 illi
1268 2281 1366 2336 ipsi,
1394 2291 1581 2338 excepto

128 2354 373 2396 Erfurtensi
405 2357 449 2397 in
482 2354 738 2397 Catilinaria
769 2365 922 2412 quarta
951 2365 995 2398 et
1027 2365 1135 2399 orat.
1168 2373 1246 2415 pro
1279 2358 1457 2410 Archia,
1492 2369 1580 2403 tam

129 2431 411 2488 indiligenter
450 2432 661 2486 adhibiti,
705 2443 753 2475 ut
795 2449 964 2477 summa
1011 2437 1068 2476 sit
1106 2436 1334 2493 permultis
1374 2437 1482 2479 locis
1528 2440 1580 2481 de

130 2511 325 2554 codicum
378 2513 592 2568 scriptura
640 2511 854 2555 dubitatio
877 2514 932 2568 1).
1001 2513 1071 2556 De
1111 2514 1327 2559 Rosciana
1372 2525 1415 2557 et
1456 2517 1583 2559 Pom-

156 2656 195 2700 ι)
221 2656 401 2691 Inutilem
434 2666 590 2702 operam
621 2658 819 2705 suscipiet,
859 2659 923 2706 qui
951 2660 1166 2696 huiusmodi
1191 2660 1479 2695 instrumentum
1509 2663 1581 2696 cri-

223 2716 342 2752 ticum
369 2722 543 2763 repetere
567 2722 604 2753 et
632 2719 830 2766 disponere
856 2722 1122 2767 aggredietur3
1157 2723 1314 2756 meliore
1340 2722 1582 2758 fundamento

224 2787 317 2820 opu·
352 2783 431 2819 est,
475 2779 688 2825 codicibus,
736 2793 827 2828 quos
864 2783 1022 2830 optimos
1059 2783 1202 2821 habere
1236 2783 1346 2825 licet,
1382 2783 1581 2830 diligenter

228 2836 417 2875 adhibitis.
