1981 3390
419 243 518 293 268

353 368 528 420 propter
566 362 727 403 milites
759 363 804 402 in
835 360 1030 403 Siciliam
1069 366 1406 415 transportatos,
1449 371 1628 412 quorum
1657 359 1794 399 maior

351 454 453 498 pars
492 440 650 480 Latini
684 441 867 479 nomim‘s
912 442 1205 492 sociorumque
1243 444 1384 486 esset,
1421 435 1641 475 fremitum
1683 436 1796 475 inter

354 518 541 561 Latinos
570 519 790 568 sociosque
818 516 862 553 in
897 513 1090 554 conciliis
1121 522 1286 560 ortum;
1332 511 1485 552 deinde
1522 511 1622 551 hinc
1651 518 1798 551 natam

354 593 622 634 coloniarum
654 591 968 631 recusationem
1007 590 1212 629 narravit.
1287 587 1463 643 Itaque,
1495 589 1577 628 etsi
1607 588 1797 643 apertius

353 667 484 723 paulo
527 667 698 707 locutus
741 674 880 715 esset,
928 666 965 704 si
1005 679 1163 705 nomen
1204 666 1296 704 eius
1337 665 1534 719 generis,
1577 664 1689 719 quod
1730 663 1800 704 hic

356 750 739 792 commemoraret,
791 740 1049 790 addidisset,
1100 747 1244 780 tamen
1279 754 1430 793 parum
1470 749 1667 781 accurate
1697 741 1801 780 scri-

355 823 495 877 psisse
523 820 661 861 videri
691 831 778 858 non
807 823 963 872 potest.
1020 815 1087 858 Ac
1115 830 1170 856 ne
1202 814 1470 865 dubitemus,
1511 815 1589 856 lib.
1619 815 1803 866 XXIX,

356 899 436 948 15,
493 896 566 937 ubi
619 908 804 951 poenam
846 894 1026 935 coloniis
1079 893 1304 934 duodecim
1351 893 1601 947 impositam
1642 900 1802 941 narrat,

356 974 487 1030 plane
519 987 593 1015 eas
625 971 818 1026 appellat
849 968 1027 1011 Latinas
1049 970 1106 1025 ¹),
1150 978 1388 1011 ceterarum
1429 969 1627 1009 homines
1659 976 1804 1009 autem

358 1050 496 1091 bonos
534 1057 661 1104 atque
695 1048 946 1088 obedientes
986 1049 1140 1088 socios.
1216 1046 1405 1088 Omnino
1439 1047 1475 1086 si
1502 1045 1592 1086 ulla
1623 1047 1731 1086 iuris
1761 1052 1804 1085 et

358 1127 622 1168 condicionis
655 1125 885 1165 diversitas
924 1126 1036 1165 inter
1071 1138 1155 1164 non
1191 1123 1442 1165 obedientes
1480 1131 1523 1164 et
1552 1122 1805 1163 obedientes

360 1213 434 1245 aut
463 1202 630 1257 aliquas
662 1201 815 1243 harum
844 1202 1021 1249 fuisset,
1068 1201 1174 1239 satis
1204 1208 1348 1253 patet,
1383 1200 1494 1238 hanc
1526 1207 1625 1238 ante
1660 1200 1805 1238 omnia

357 1282 536 1321 Livium
550 1285 981 1319 commemoraturum
997 1276 1145 1324 fuisse,
1176 1289 1232 1314 ex
1250 1290 1333 1330 qua
1346 1275 1476 1315 facile
1491 1289 1620 1315 causa
1632 1275 1805 1314 diverse

358 1356 517 1411 agendi
547 1361 786 1410 appareret.
841 1352 923 1393 His
953 1359 1039 1392 tam
1070 1353 1310 1406 perspicuis
1335 1353 1618 1407 argumentis,
1650 1350 1806 1405 quibus

359 1433 460 1475 addi
495 1433 572 1473 vix
605 1444 712 1485 opus
756 1437 848 1480 est,
890 1430 935 1471 in
979 1427 1201 1470 nonnullis
1244 1443 1304 1470 ex
1345 1429 1584 1470 octodecim
1623 1426 1807 1469 coloniis

357 1510 609 1551 Latinitatis
655 1497 902 1550 testimonia
948 1505 1053 1546 alibi
1093 1507 1199 1546 satis
1240 1505 1358 1546 clara
1410 1514 1610 1555 exstare,
1662 1512 1711 1544 ut
1753 1503 1807 1543 de

360 1586 557 1642 Spoletio
589 1583 702 1638 apud
735 1582 824 1623 Cio.
850 1596 927 1636 pro
957 1581 1082 1622 Balb.
1111 1584 1194 1632 21,
1226 1581 1278 1621 de
1307 1580 1523 1635 Fregellis
1555 1581 1667 1636 apud
1698 1579 1808 1620 mul-

360 1672 452 1714 tos,
482 1661 643 1717 opponi
677 1673 761 1699 non
793 1666 960 1714 potest,
994 1659 1107 1713 quod
1136 1657 1290 1697 Livius
1322 1656 1417 1707 IX,
1447 1659 1526 1707 26,
1562 1656 1636 1697 ubi
1667 1656 1808 1697 Luce-

360 1742 470 1782 riam
503 1738 728 1779 deduotam
755 1743 1084 1785 commemorat,
1118 1734 1314 1774 homines
1345 1733 1624 1774 abhorruisse
1648 1746 1676 1774 a
1700 1733 1808 1773 rele-

357 1816 517 1872 gandis
548 1816 644 1855 'tam
666 1813 829 1867 procul
857 1812 910 1853 ab
942 1812 1061 1852 domo
1095 1810 1261 1852 civibus
1291 1814 1408 1850 inter
1438 1809 1626 1860 itffestas
1652 1815 1806 1863 gentes

361 1893 533 1943 scribit3
566 1894 723 1932 vicisse
754 1895 896 1930 tamen
926 1891 1206 1938 sententiam,
1248 1892 1296 1927 ut
1331 1890 1604 1927 mitterentur
1648 1887 1806 1926 coloni.

358 1970 471 2012 Nam
486 1968 634 2009 eadem
647 1966 931 2022 negligentia,
963 1964 1075 2020 quod
1089 1964 1308 2004 inferioris
1326 1965 1466 2004 aetatis
1480 1963 1660 2014 homini,
1685 1964 1808 2004 cuius

362 2057 554 2102 tempore
587 2045 810 2086 etiamtum
846 2043 1027 2083 coloniae
1059 2040 1268 2082 militares
1306 2041 1493 2090 civium,
1525 2039 1695 2080 Latinae
1731 2039 1808 2079 du-

361 2127 461 2166 dum
489 2122 619 2164 nullae
652 2119 997 2168 deducebantur,
1031 2117 1212 2159 coloniae
1248 2118 1394 2172 imago
1421 2115 1476 2157 ob
1509 2116 1646 2157 oculis
1667 2117 1809 2171 posita

363 2202 522 2243 civium
553 2213 610 2239 ex
643 2197 748 2242 urbe
782 2197 1060 2239 deductorum
1091 2197 1310 2239 notionem
1341 2192 1590 2247 adferebat,
1619 2193 1698 2235 lib.
1726 2192 1807 2243 VI,

387 2407 423 2447 ²)
451 2405 505 2437 Ex
530 2403 602 2435 hoc
631 2402 749 2433 altero
776 2400 859 2432 loco
886 2402 1002 2443 patet,
1031 2398 1115 2431 libr.
1143 2398 1304 2437 xxwt,
1332 2396 1377 2436 9,
1403 2395 1467 2429 ubi
1493 2398 1546 2429 est
1574 2395 1690 2433 cora,
1717 2394 1809 2428 sori·

454 2463 617 2497 bendum
655 2471 732 2493 csse
767 2459 869 2491 Sora.
928 2458 967 2490 111
1005 2458 1180 2501 oppidum
1222 2468 1255 2490 a.
1293 2455 1361 2489 325
1396 2466 1418 2489 a
1457 2455 1636 2489 Romanis
1666 2455 1809 2488 Volscis

453 2525 668 2566 ademptum
697 2519 823 2553 Livius
850 2523 978 2551 narrat
1004 2519 1090 2558 ΥΠ,
1124 2517 1191 2557 28ς
1231 2515 1415 2549 coloniam
1441 2527 1483 2549 eo
1509 2516 1708 2548 deductam
1734 2526 1807 2552 non

456 2584 735 2618 commemorat.
788 2579 861 2612 Sed
887 2579 956 2619 lx,
992 2578 1037 2611 23
1065 2580 1116 2619 (a.
1154 2576 1237 2618 315)
1272 2577 1397 2609 Soram
1422 2577 1470 2609 ad
1499 2575 1676 2608 Samnites
1705 2576 1805 2616 dese-

454 2645 567 2681 cisse,
614 2639 815 2681 iuteo-seclIs
851 2639 984 2670 colonis
1012 2638 1273 2677 Romanorum,
1311 2636 1462 2676 scribit,
1496 2635 1668 2679 idemque
1699 2634 1804 2668 Diod.

454 2705 527 2738 Sic.
555 2702 662 2741 xlx,
686 2700 733 2734 72
758 2699 881 2732 tradit.
922 2699 1060 2732 Iterum
1090 2708 1122 2730 n.
1152 2697 1222 2730 303
1250 2701 1426 2741 quattuor
1453 2695 1559 2729 milia.
1587 2696 1805 2728 colonorum

457 2777 500 2798 eo
527 2762 638 2797 missa
661 2760 757 2803 (Liv.
782 2760 837 2800 X,
867 2760 916 2800 l).
984 2760 1086 2793 Cora:
1120 2759 1226 2792 nulla
1253 2762 1306 2793 cst
1334 2756 1473 2792 mentio
1506 2759 1588 2802 post
1613 2754 1734 2800 primu
1758 2753 1804 2788 li-

455 2827 550 2859 berae
576 2822 630 2858 rei
656 2820 810 2867 publicet.
837 2824 1018 2864 tempora.
