1981 3390
1471 245 1568 292 263

185 374 386 414 Latinum
417 383 659 413 sermonem
683 367 924 422 Latiumque
950 368 1147 408 instituta
1173 367 1347 406 trahens
1368 378 1441 416 per
1461 364 1629 406 ltaliam

184 451 314 505 longe
336 450 507 505 serpsit,
543 446 780 487 communis
812 445 1021 500 originis,
1058 442 1322 498 disciplinae,
1353 441 1633 492 condicionis,

187 528 306 569 nullo
336 535 476 568 autem
506 522 677 577 publico
709 520 884 562 vinculo
914 522 1025 561 inter
1048 535 1094 561 se
1112 522 1366 570 coniunctae,
1397 533 1524 574 quum
1546 520 1634 558 sin·

184 604 297 660 gulae
319 602 525 644 Romanis
548 608 762 655 parerent.
809 599 954 653 Atque
975 599 1026 639 ad
1057 598 1133 639 has
1164 599 1378 651 praecipue
1402 597 1633 651 pertinere,

186 694 278 735 quae
305 680 348 719 in
380 679 677 733 proximorum
712 676 955 716 seculorum
992 677 1172 716 historia
1200 676 1252 716 de
1283 674 1465 715 coloniis
1485 672 1634 728 populi

184 756 366 797 Romani
383 754 549 795 Italiam
564 753 809 794 tenentibus
822 753 1099 808 subsidiaque
1114 754 1294 808 imperio
1306 751 1634 792 subministran-

182 833 298 874 tibus
330 833 579 882 traduntur,
621 832 728 872 adeo
765 839 830 871 est
861 840 1049 881 certum,
1090 840 1137 873 ut
1168 830 1382 870 interdum
1426 829 1490 868 hu:
1527 828 1633 869 solae

183 910 452 952 coloniarum
490 908 636 964 populi
665 908 848 949 Romani
873 907 1169 961 appellatione
1200 906 1634 958 comprehendantur.

184 987 356 1028 Civium
390 987 502 1026 enim
541 984 723 1025 ooloniae
765 998 842 1038 per
883 983 1049 1038 aliquot
1089 982 1238 1024 secula
1270 996 1407 1037 usque
1440 982 1494 1022 ad
1525 980 1634 1022 belli

182 1064 333 1106 Punioi
365 1061 542 1103 secundi
576 1059 732 1111 finem,
775 1062 858 1103 nisi
901 1060 1138 1116 singularis
1179 1060 1400 1100 cniusdam
1443 1059 1634 1114 generis,

181 1140 333 1182 deduci
363 1140 454 1180 fere
485 1139 634 1180 desitae
667 1147 780 1178 sunt.
844 1138 950 1179 Eius
968 1139 1030 1179 rei
1053 1151 1183 1179 causa
1202 1146 1351 1192 aperta
1370 1145 1449 1177 est.
1512 1135 1634 1190 Ipsos

182 1218 428 1270 Romanos,
472 1230 651 1271 quorum
688 1217 1005 1256 coniunctionis
1047 1200 1222 1255 vincula
1266 1213 1410 1254 laxari
1456 1215 1634 1254 minime

183 1302 426 1350 oporteret,
457 1292 633 1348 longius
668 1292 722 1333 ab
754 1293 859 1333 urbe
890 1294 1037 1347 spargi
1066 1293 1276 1347 sedesque
1311 1300 1485 1341 tenere,
1521 1290 1634 1330 unde

183 1372 235 1413 ud
278 1385 455 1412 munera
492 1370 657 1411 urbana
697 1370 916 1411 discedere
947 1371 1026 1410 vix
1061 1378 1264 1424 possent,
1303 1377 1537 1422 coetusque
1567 1381 1634 1406 se-

184 1458 359 1504 paratos
391 1447 566 1497 habere,
601 1456 642 1487 et
674 1446 846 1500 publice
878 1447 1195 1488 incommodum
1231 1454 1323 1486 erat
1357 1454 1399 1485 et
1430 1445 1634 1499 privatim

182 1528 415 1580 ingratum,
448 1539 540 1573 nec,
576 1533 622 1564 ut
654 1525 694 1565 id
729 1523 868 1574 fieret,
899 1522 1069 1564 efficere
1101 1532 1271 1579 poterat:
1302 1524 1386 1562 nisi
1420 1530 1493 1562 aut
1522 1535 1632 1575 prae-

182 1602 282 1643 sidii
310 1602 558 1656 imponendi
589 1603 853 1651 necessitas,
898 1615 1023 1656 quam
1053 1610 1177 1641 extra
1207 1599 1382 1640 Latium
1414 1597 1635 1639 minuebat

183 1680 437 1724 Latinarum
469 1678 737 1720 coloniarum
769 1693 894 1728 usim,
946 1688 1020 1720 aut
1061 1679 1222 1719 civium
1254 1678 1497 1733 paupertati
1533 1675 1634 1716 sub-

185 1757 401 1799 veniendi.
478 1755 641 1796 Verum
677 1757 729 1796 ad
762 1758 880 1797 cives
913 1756 1012 1797 aliis
1046 1766 1216 1811 quoque
1242 1756 1380 1796 modis
1411 1753 1636 1796 commoda

184 1848 245 1875 ex
268 1835 438 1889 imperii
469 1831 629 1874 finibus
662 1832 842 1886 prolatis
875 1833 1212 1888 perveniebant,
1243 1833 1433 1875 subaotis
1461 1832 1635 1888 populis

186 1925 319 1952 onera
345 1910 517 1965 publiea
549 1925 708 1966 magna
737 1925 797 1951 ex
824 1919 949 1966 parte
978 1910 1293 1952 sustinentibus
1323 1925 1530 1966 agroque,
1564 1910 1638 1964 qui

187 1990 241 2028 iis
276 1986 546 2029 adimebatur
581 2002 658 2028 nee
689 1987 855 2028 colonis
891 1988 1218 2043 assignabantur,
1248 1988 1432 2041 primum
1463 1985 1636 2040 quidem

184 2078 457 2117 possessores
474 2057 660 2114 ditan'te,
693 2064 768 2104 sed
786 2073 930 2104 tamen
947 2066 1031 2115 ita,
1063 2073 1109 2104 ut
1136 2078 1197 2104 eae
1223 2064 1384 2104 divitiae
1406 2077 1480 2119 per
1498 2071 1635 2102 totum

185 2140 391 2195 populum
415 2139 560 2195 aliqua
587 2155 643 2180 ex
666 2149 786 2195 parte
813 2150 1145 2196 spargerentur3
1175 2140 1419 2196 licebatque
1450 2138 1635 2195 singulis

187 2216 355 2263 civibus
402 2226 495 2259 tuto
540 2218 652 2260 inter
703 2219 930 2259 universos
979 2218 1163 2274 populos
1214 2217 1416 2258 subactos
1467 2218 1635 2258 versari

185 2295 616 2348 oomnnodtssimaque
643 2296 893 2336 condicione
913 2305 1119 2350 quaestum
1139 2296 1353 2350 persequi.
1410 2295 1635 2336 Postremo

182 2372 440 2433 permissum
475 2380 566 2411 erat
597 2371 858 2424 pauperibus
887 2372 1094 2413 Romanis
1127 2373 1315 2412 civitatis
1351 2370 1559 2412 honorem
1593 2379 1637 2411 et

182 2450 252 2490 ius
296 2463 392 2490 oum
431 2449 613 2504 privatis
660 2450 894 2490 commodis
945 2449 1125 2491 coloniae
1167 2449 1335 2490 Latinae
1373 2457 1635 2504 permutare,

184 2526 296 2582 quod
324 2540 409 2566 non
438 2540 600 2581 paucos
627 2527 809 2578 fecisse,
843 2529 1064 2569 minuente
1082 2529 1317 2583 praesertim
1338 2527 1635 2582 magnitudine

182 2605 246 2645 rei
275 2603 459 2658 publicae
484 2603 757 2658 singulorum
791 2607 949 2646 civium
986 2613 1275 2655 momentum,
1309 2603 1536 2660 probabile
1569 2612 1634 2644 est

182 2679 292 2735 (Cic.
324 2695 401 2736 pro
432 2680 543 2722 Caec.
574 2684 651 2732 33,
681 2684 774 2735 98).
848 2683 1000 2723 Ardeae
1040 2683 1194 2740 Livius
1236 2682 1334 2733 (lv,
1375 2684 1444 2729 11)
1482 2695 1519 2720 a.
1551 2682 1634 2721 442

184 2759 315 2800 etiam
359 2759 476 2814 ipsos
523 2760 771 2801 triumviros
821 2762 1082 2802 remansisse
1124 2768 1293 2807 na1·rat;
1350 2767 1441 2799 erut
1489 2766 1633 2798 autem

184 2833 356 2877 Latina.
434 2835 583 2890 Itaque
617 2846 712 2891 post
746 2840 1068 2893 antiquissimas
1100 2838 1199 2879 illas
1236 2836 1313 2878 sub
1350 2833 1527 2890 regibus
1560 2835 1633 2875 de-
