1981 3390
1459 271 1558 319 427

175 397 254 438 bus
287 395 538 451 Naugerius
566 393 711 434 codice
743 405 820 432 suo
848 390 979 445 paulo
1012 392 1178 446 magis,
1211 403 1336 445 quani
1368 389 1633 444 Hervngius,

178 488 282 514 usus
321 482 402 514 esu

258 560 264 565 ’
299 551 371 591 Ex
414 546 626 588 Beruensi
669 544 824 585 deinde
864 546 1008 599 priore
1054 545 1359 597 transcriptum
1405 556 1501 584 esse
1534 540 1639 583 Ber-

177 640 354 667 nensem
395 622 662 672 secundum,
713 631 800 662 tam
855 631 920 662 est
960 630 1156 677 apertum
1211 635 1269 662 ex
1316 621 1636 674 comparatione

177 704 401 755 utriusque
436 699 674 740 lectionum
717 700 826 754 apud
865 699 1081 740 Orellium
1126 708 1395 749 notatarum,
1444 698 1636 739 maxime

176 781 221 820 in
251 781 304 819 iis
336 778 470 826 locis,
504 776 579 816 ubi
613 776 770 816 leviter
801 776 1020 816 aberravit
1052 777 1208 831 prioris
1239 777 1451 831 scriptor,
1480 783 1526 814 ut
1560 775 1641 815 vix

182 858 381 910 cuiqnam
413 853 589 894 dubium
616 854 656 893 id
693 867 788 893 esse
820 855 970 906 possit.
1034 853 1204 908 (Itaque
1236 867 1374 908 neque
1405 852 1535 892 huius
1568 865 1641 892 ne-

180 947 263 988 que
306 931 413 973 alibi
453 930 660 971 similium
703 931 897 972 codicum
939 932 1175 984 scripturas
1219 943 1325 982 opus
1367 937 1432 969 est
1473 929 1642 967 enotavi

181 1012 266 1052 nisi
295 1010 347 1051 ad
378 1023 476 1050 eum
508 1006 638 1048 finem
658 1036 670 1058 ,
709 1015 758 1046 ut
789 1007 841 1046 de
875 1008 1043 1061 origine
1077 1014 1146 1056 et,
1190 1020 1292 1046 num
1322 1007 1394 1061 qui
1429 1004 1506 1045 alii
1539 1003 1640 1045 hinc

179 1101 328 1128 rursus
374 1084 688 1140 profluxerint,
742 1097 801 1123 ex
843 1085 949 1124 satis
991 1083 1124 1137 longo
1175 1084 1410 1139 specimine
1461 1090 1642 1123 constet.

183 1165 232 1206 Si
262 1166 405 1218 priore
439 1174 710 1211 careremuS‚
757 1162 904 1215 magni
938 1170 1053 1202 esset
1083 1163 1235 1216 pretii,
1279 1163 1361 1201 etsi
1395 1160 1642 1201 recentissi-

183 1255 279 1282 mus
314 1244 415 1289 est).
490 1238 590 1279 Duo
623 1246 721 1278 sunt
753 1239 951 1287 omnino,
995 1239 1032 1278 si
1066 1238 1120 1279 ab
1151 1240 1204 1279 iis
1237 1238 1346 1279 locis
1377 1238 1644 1286 discesseris,

185 1320 230 1358 in
262 1317 419 1372 quibus
459 1316 511 1356 de
545 1330 691 1355 errore
729 1317 772 1355 in
807 1315 1040 1356 collatione
1073 1317 1230 1371 prioris
1262 1316 1422 1356 codicis
1454 1314 1642 1369 suspicio

186 1396 392 1444 nascitur,
423 1383 524 1443 lotii,
556 1394 601 1432 in
631 1391 785 1448 quibus
817 1407 899 1433 non
924 1392 1037 1433 oculi
1069 1401 1111 1433 et
1143 1392 1233 1433 stili
1263 1406 1408 1433 errore
1440 1406 1465 1432 a
1499 1392 1644 1446 priore

186 1472 403 1520 discedat,
437 1471 553 1525 prior
584 1471 629 1510 in
660 1484 696 1510 c.
728 1472 797 1520 11,
826 1471 896 1519 26,
932 1469 1006 1510 ubi
1035 1471 1073 1510 is
1104 1484 1240 1520 unus,
1272 1470 1323 1509 de
1355 1483 1438 1524 quo
1472 1468 1645 1524 quidem

188 1557 380 1598 constet,
417 1547 559 1587 codex
587 1561 639 1587 ea
671 1545 806 1588 verba
836 1546 993 1597 habet,
1035 1560 1128 1603 quae
1159 1545 1408 1601 Naugerius
1442 1545 1648 1585 inseruit:

190 1619 282 1666 cum
313 1627 504 1665 venisset
544 1623 604 1663 ad
633 1629 852 1670 senatmn5
898 1638 995 1664 nain
1028 1638 1080 1663 ne
1115 1625 1158 1664 in
1191 1621 1524 1664 Oxoniensibus
1555 1622 1648 1676 qni-

189 1703 286 1743 dem
321 1710 443 1752 sunt,
475 1702 556 1741 nisi
589 1701 774 1741 fortasse
805 1702 849 1741 in
882 1714 993 1749 uno3
1038 1699 1148 1741 alter
1183 1709 1249 1740 est
1280 1699 1403 1741 locus
1429 1700 1473 1740 in
1509 1713 1544 1739 c.
1579 1699 1650 1748 25,

189 1781 260 1829 55,
294 1777 368 1818 ubi
401 1777 750 1832 supplementum
778 1778 991 1832 Naugerii
1022 1786 1078 1827 et,
1113 1785 1160 1817 ut
1179 1778 1365 1828 videtur,
1400 1776 1650 1831 vulgarium

192 1857 388 1898 codicum
433 1856 479 1895 in
522 1855 634 1895 hunc
677 1869 846 1911 quoque
890 1864 1112 1910 receptum
1156 1852 1222 1894 est
1244 1855 1297 1907 ¹).
1375 1853 1425 1895 In
1454 1853 1651 1907 margine

553 1949 569 1956 κ

287 2030 433 2070 Vatic.;
468 2029 589 2074 Naug.
626 2027 785 2062 mutavit
820 2040 905 2062 cum
931 2028 996 2069 iis,
1039 2040 1116 2073 quae
1157 2028 1269 2073 paulo
1307 2030 1389 2072 post
1420 2026 1650 2071 sequuntur)

289 2091 429 2124 Sestius
459 2090 648 2123 Clotellius
678 2091 714 2122 11
741 2089 802 2132 (P.
821 2089 902 2122 Sex.
925 2089 1106 2128 Cohelius,
1136 2089 1166 2122 N
1194 2088 1373 2130 correxit)
1401 2088 1456 2121 his
1476 2087 1654 2131 dignissi-

289 2161 367 2184 mus
393 2151 424 2184 N
452 2152 607 2193 (novum
635 2155 671 2183 ct
693 2150 854 2194 vulgare
880 2149 1075 2191 mendum)
1103 2149 1296 2188 unanimis,
1339 2159 1416 2182 sese
1441 2149 1655 2191 scriptorem

292 2222 369 2244 esse
395 2211 530 2243 diceret
563 2212 598 2243 11
628 2209 830 2252 (correctio
859 2220 989 2253 parum
1016 2209 1130 2249 fclix3
1159 2209 1278 2253 Naug.
1307 2208 1480 2248 correxit,
1507 2212 1549 2240 ut
1577 2207 1656 2240 edi-

290 2277 375 2313 tur3
416 2272 499 2305 Par.
527 2271 732 2303 toambuam
757 2281 874 2302 essese
910 2270 1122 2312 scriptorem
1160 2280 1235 2303 csse
1271 2269 1423 2308 (liceret)
1449 2272 1573 2301 nostro
1603 2268 1654 2308 Π,

290 2336 412 2365 rueret
447 2333 484 2365 Η
519 2332 634 2371 (nova
667 2331 845 2372 menda),
886 2330 923 2362 vi
947 2341 1020 2363 om.
1048 2331 1084 2363 H
1120 2330 1260 2373 (Nang.
1291 2329 1413 2374 potius
1441 2327 1656 2362 emendavit

290 2393 378 2426 Par.
406 2392 583 2424 mendum
607 2393 665 2432 ut)
701 2391 882 2434 copiisque
915 2391 951 2424 11
980 2392 1135 2431 (novum
1170 2389 1486 2431 additamentum)
1513 2389 1657 2433 sagitta

290 2453 329 2486 11
357 2452 498 2494 (mend.
528 2453 632 2494 nov.)
659 2456 744 2484 acta
780 2462 859 2484 mea
905 2451 962 2483 illa·
992 2450 1186 2494 displicere
1221 2450 1302 2493 quis
1336 2450 1451 2483 nescit
1483 2449 1515 2483 N
1553 2450 1658 2493 (per-

293 2524 400 2545 verse
437 2512 597 2545 correxit
634 2513 811 2545 mendum
845 2512 932 2545 Par.
968 2511 1036 2543 alii
1070 2522 1136 2556 pro
1173 2511 1252 2552 ait,·
1296 2510 1430 2545 melius
1467 2510 1606 2550 Herv.)
1639 2520 1658 2542 e

296 2573 431 2605 iudicio
454 2572 483 2605 N
512 2572 628 2605 emitti
651 2572 682 2606 N
709 2573 812 2614 (cum
839 2573 880 2606 P.
909 2576 945 2605 et
967 2571 1143 2616 reliquis,
1170 2572 1259 2605 eniti
1283 2572 1400 2605 Herv.
1431 2581 1526 2604 novo
1553 2579 1657 2602 men-

295 2632 366 2670 do,
393 2633 490 2675 quod
515 2632 704 2666 revocavit
729 2632 938 2675 0rellius);
974 2633 1042 2666 13¹
1070 2633 1136 2665 iste
1160 2633 1271 2664 nimia
1296 2632 1332 2664 11
1363 2631 1466 2672 (cum
1494 2629 1601 2668 Pan,
1627 2628 1655 2662 si

297 2690 447 2724 silentio
473 2691 584 2734 fides)
610 2696 644 2725 et
670 2693 748 2736 ipse
772 2693 802 2726 N
831 2694 934 2735 (nov.
966 2693 1109 2736 mend.)
1135 2693 1314 2726 satellites
1338 2691 1374 2723 H
1403 2690 1505 2731 (nov.
1534 2689 1656 2721 mend.

298 2762 340 2783 ex
370 2750 676 2794 interpolatione)
712 2753 927 2795 contemptio
961 2764 1004 2785 ne
1030 2764 1099 2785 non
1125 2753 1177 2793 N,
1214 2749 1473 2792 contemptione
1499 2760 1569 2782 non
1598 2750 1658 2788 113

299 2810 368 2845 135
396 2811 496 2843 Dicet
521 2811 552 2844 N
582 2811 709 2854 (Par.)
736 2813 889 2846 Aciliam
914 2813 959 2854 N,
990 2813 1167 2846 Anciliam
1192 2813 1227 2845 11
1259 2811 1397 2853 (Pan).

234 2871 270 2913 ¹)
297 2872 416 2906 0rc11.
444 2870 479 2905 in
507 2872 632 2905 adnot.
659 2872 705 2905 ad
728 2871 798 2914 61,
833 2872 901 2907 133
926 2873 1080 2914 scribit,
1119 2873 1154 2907 in
1178 2872 1258 2906 cod.
1287 2882 1339 2915 pr.
1367 2879 1444 2903 csse
1471 2867 1654 2902 toambua-
