1981 3390
1430 237 1527 286 369

146 360 369 418 particulae
401 359 700 416 compendium
743 356 857 398 infra
886 355 968 406 41,
1013 355 1097 396 107
1132 355 1176 394 in
1212 352 1376 396 Guelff.
1409 364 1452 396 et
1477 355 1603 397 Leid.

144 447 392 494 corruptum
425 446 544 486 erat,
586 434 660 475 ubi
702 431 898 474 Orellius
941 445 1091 473 verum
1132 430 1256 472 vidit.
1325 430 1464 472 Paulo
1504 442 1603 485 post

145 530 181 557 c.
208 516 280 566 32,
308 515 366 554 83
392 521 436 553 et
467 511 696 567 Zumptius
725 518 769 552 et
799 507 995 552 Orellius
1027 515 1201 549 tuentur
1226 508 1386 563 populi
1413 508 1604 549 Romani

144 604 297 632 nomen
329 592 556 644 attingunt
592 597 742 630 contra
782 586 994 629 bonorum
1029 586 1151 626 codd.
1182 586 1438 639 scripturam
1459 599 1600 640 popu·
1653 633 1661 639 ι

140 669 226 708 lum
268 666 508 707 Romanum
546 669 796 721 attingunt,-
845 679 925 705 nec
974 662 1081 704 milii
1125 670 1271 703 tamen
1311 663 1599 704 satisfaciunt.

142 743 335 797 Zumptii
365 742 652 799 explicationi
680 742 824 784 obstat
854 743 997 796 ipsum
1028 739 1290 782 vocabulum
1322 744 1596 795 cognatione,

140 822 254 878 quod
310 820 430 861 iubet
471 822 646 876 proprie
703 821 839 874 accipi
882 819 1064 861 verbum
1109 821 1355 871 allc'ngunt‚·
1401 817 1598 859 Orellius

144 907 289 939 nutem
322 898 496 939 solitam
528 888 802 954 περίφρασιὼ
834 896 1064 952 appellans
1086 894 1194 935 nihil
1216 896 1330 949 agit3
1360 909 1458 935 nam
1482 894 1597 949 quod

141 975 298 1016 dicitur
330 975 439 1016 illud
474 977 636 1029 optime
669 973 836 1029 aliquot
866 973 999 1023 locis,
1046 986 1132 1012 non
1165 980 1309 1012 tamen
1339 983 1490 1011 nomen
1515 983 1598 1025 po-

137 1053 237 1107 puli
250 1053 363 1092 idem
380 1049 601 1106 significat
619 1063 824 1106 usquam,
858 1049 971 1104 quod
989 1049 1188 1103 populns,
1220 1049 1390 1099 et§97‚
1424 1047 1597 1087 etiamsi

139 1144 224 1170 non
255 1130 417 1170 rectius
447 1129 541 1183 ipse
572 1128 779 1168 edidisset
808 1129 984 1181 imperii
1008 1126 1163 1180 populo·
1178 1126 1418 1174 R.nomen,
1449 1133 1595 1165 tamen

138 1220 224 1248 non
261 1220 366 1247 sane
393 1206 582 1261 populns
625 1205 682 1246 R.
715 1205 930 1245 diceretur
969 1204 1195 1257 Syracusis
1224 1203 1376 1243 fuisse.
1448 1201 1594 1243 Etiam

137 1283 190 1323 de
218 1283 434 1324 Vaticano
476 1283 623 1324 codice
664 1295 723 1323 ex
765 1281 938 1322 silentio
974 1279 1083 1321 Maii
1121 1295 1275 1335 parum
1318 1287 1410 1320 tuto
1448 1281 1592 1320 conie-

139 1361 270 1410 ctari,
303 1359 450 1401 multis
483 1359 655 1400 indiciis
683 1367 818 1415 patet.
897 1356 1085 1400 Causam
1115 1366 1258 1399 tamen
1292 1355 1592 1412 interpolatio-

135 1439 204 1477 nis
234 1451 338 1478 sane
374 1451 460 1477 non
493 1438 679 1491 reperio.

254 1513 324 1556 De
353 1513 476 1564 loco,
520 1515 593 1568 qui
623 1522 689 1555 est
729 1529 764 1555 c.
792 1514 873 1564 38,
919 1513 1028 1563 100,
1071 1520 1190 1553 recte
1232 1519 1411 1552 eatenus
1454 1526 1479 1551 a
1521 1524 1590 1552 me

135 1582 341 1632 dissensit
373 1590 616 1643 Zumptius,
651 1591 764 1646 quod
788 1589 1002 1630 leontinum
1036 1594 1290 1630 conventum
1321 1594 1452 1644 atque
1483 1588 1591 1629 mul-

133 1668 361 1710 titudinem
406 1682 492 1708 non
537 1669 743 1715 mutavit3
796 1674 913 1708 recte
955 1667 1070 1706 enim
1117 1665 1315 1706 homines
1352 1674 1591 1720 praesentes

133 1754 316 1787 vetustae
347 1744 499 1800 gloriae
533 1753 576 1785 et
614 1743 805 1785 absentis
836 1743 988 1799 populi
1017 1743 1203 1784 Romani
1240 1744 1405 1784 nomini
1438 1743 1589 1783 adiun-

135 1832 323 1879 guntur3
365 1822 439 1863 sed
473 1822 667 1862 dativum
697 1823 792 1862 iure
826 1819 1123 1881 requirebam,
1168 1828 1213 1861 et
1251 1820 1366 1875 quod
1395 1819 1589 1860 defendit

134 1901 219 1941 dici
250 1912 510 1954 myoparone
540 1896 798 1953 triumphum
828 1911 973 1952 agere,
1005 1911 1090 1937 non
1123 1911 1201 1952 per
1230 1910 1292 1947 se,
1325 1897 1400 1937 sed
1432 1897 1590 1936 redun-

134 1978 282 2018 dantia
315 1978 520 2018 vitiosum
548 1985 638 2026 est,
688 1977 880 2016 maxime
911 1976 957 2014 in
988 1973 1069 2015 hac
1102 1974 1437 2028 compositione:
1463 1977 1588 2027 pira-

133 2058 221 2095 tico
268 2067 531 2108 myoparone
578 2052 843 2107 triumphum
893 2066 1023 2106 agere
1062 2054 1273 2104 piratam.
1350 2048 1586 2091 Commode

134 2133 268 2187 igitur
303 2129 506 2171 subvenit
536 2129 797 2170 addubitatae
829 2127 933 2169 fidei
965 2127 1129 2168 silentii
1153 2126 1411 2168 coll.Haun.
1444 2127 1585 2168 codex

129 2209 227 2249 Par.
272 2209 384 2249 7774
427 2207 495 2258 A,
549 2222 606 2249 ex
663 2221 746 2262 quo
791 2205 1033 2260 Krarupius
1078 2207 1333 2259 myoparoni
1377 2207 1584 2245 enotavit.

132 2285 498 2341 Distinguendum
533 2294 598 2324 est
632 2285 785 2339 igitur:
812 2282 1024 2325 hominnm
1047 2287 1298 2324 conventum
1321 2288 1452 2339 atque
1480 2284 1586 2325 mul-

130 2363 360 2404 titudinem
385 2366 580 2417 pirule'co
611 2365 867 2416 myoparoni
875 2377 892 2413 ‚-
927 2365 975 2401 in
998 2365 1132 2414 porln
1164 2368 1245 2400 etc.

248 2437 298 2480 C.
339 2440 422 2490 40,
474 2440 557 2479 1⁰4
602 2438 857 2494 Zumptius,
904 2437 1017 2493 quod
1059 2438 1146 2477 iam
1202 2435 1433 2493 aliquoties
1475 2437 1585 2479 acci-

128 2518 242 2558 disse
276 2515 486 2566 vidimus,
530 2517 574 2557 in
615 2516 817 2557 dissensu
845 2514 1057 2556 bonorum
1088 2514 1285 2556 codicum
1314 2524 1488 2561 secutus
1519 2524 1586 2555 est

128 2594 360 2634 inferiores
393 2607 448 2634 ex
479 2592 559 2635 hac
595 2592 791 2645 familia,
831 2593 1018 2633 fortasse
1049 2593 1163 2648 quod
1195 2593 1439 2646 principum
1481 2591 1585 2631 scri-

130 2680 257 2726 ptura
289 2671 452 2710 satisne
488 2679 686 2712 accurate
721 2679 869 2712 notata
900 2679 1043 2721 esset,
1076 2669 1315 2711 dubitabat.
1381 2665 1492 2707 Nam
1523 2679 1584 2706 ex

129 2746 293 2789 Guelff.
324 2755 367 2787 et
395 2745 519 2787 Leid.
547 2747 706 2789 edidit:
765 2746 884 2795 Quid
912 2748 966 2790 de
1003 2748 1226 2790 Cleomene
1243 2743 1365 2794 fiel?
1417 2742 1582 2795 Regius

132 2833 278 2866 autem
319 2833 361 2866 et
396 2824 493 2866 Par.
523 2824 634 2866 7774
661 2825 714 2867 ‘A
759 2833 802 2866 et
833 2823 1036 2867 Lambini
1076 2823 1258 2867 habent:
1311 2818 1429 2869 Quid
1465 2818 1583 2860 Cleo-

1272 2903 1317 2935 21
