1981 3390
1471 212 1529 258 13

140 334 254 375 modi
282 342 373 383 est,
426 340 497 372 ant
527 343 658 386 quum
690 329 744 370 de
777 327 955 370 flumine
988 327 1110 370 Allia
1137 332 1320 385 scriptor
1354 330 1502 372 Ulixis
1533 342 1595 374 10.

138 414 215 452 stis
244 410 441 451 laudatur
457 410 512 460 ¹).
593 408 699 449 Haee
736 407 912 463 singula
950 409 985 448 si
1020 409 1296 448 excutiamus
1334 410 1592 460 accuratius,

140 489 335 530 inutilem
367 501 542 542 operam
576 500 825 535 sumamus3
883 487 990 527 satis
1031 487 1113 526 erit
1157 500 1287 526 unam
1332 487 1593 540 praecipuam

137 570 302 620 partem
333 564 496 606 fraudis
529 563 764 619 diligenter
795 578 1057 619 coarguere,
1113 565 1150 604 si
1181 573 1310 604 antcn
1345 563 1473 604 uliam
1503 579 1594 606 reni

135 657 220 683 non
254 644 394 683 minus
426 644 577 682 miram
603 643 893 697 attigerimuS.
928 640 1040 682 Nam
1072 643 1114 682 in
1148 641 1227 682 liac
1261 651 1380 682 tanta
1411 644 1595 698 scripto·

133 735 227 761 rum
262 720 535 761 laudatorum
572 722 721 774 copin,
759 721 832 774 qui
863 733 1012 760 omnes
1044 722 1105 761 ita
1136 721 1346 770 citantur,
1378 730 1425 760 ut
1458 720 1593 762 verba

135 800 229 853 ipsa
269 800 490 853 positurus
532 800 716 853 scriptor
752 798 972 847 videatur,
1033 799 1221 852 quinque
1267 800 1443 839 omnino
1478 813 1594 840 nova

135 877 380 929 fragmenta
424 885 617 916 veterum
658 876 915 929 scriptorum
959 882 1082 925 sunt,
1142 876 1327 929 primum
1363 875 1594 927 Heracliti,

136 955 272 1007 ignoti
303 954 549 1006 scriptoris,
608 964 739 1007 prosa
771 953 996 1002 oratione,
1048 952 1286 993 secundum
1317 951 1501 1004 Titinii,
1548 963 1592 994 et

133 1031 307 1070 tertium
342 1028 561 1084 Tui-pilii,
615 1030 903 1081 comicorum,
954 1039 1154 1085 quartum
1185 1030 1342 1081 Ennii,
1392 1033 1590 1086 quintum

131 1107 273 1148 Laevii
302 1108 396 1148 sive
429 1106 598 1158 Naevii,
656 1113 793 1163 po'etae
809 1109 875 1159 2);
930 1122 1007 1163 pro
1041 1108 1221 1163 reliquis
1255 1108 1455 1150 omnibus
1485 1112 1590 1152 scri-

130 1194 302 1241 ptorum
341 1185 449 1226 locis
493 1200 629 1226 vacua
671 1189 811 1241 spatia
853 1188 897 1227 in
941 1187 1071 1228 Statii
1113 1187 1260 1227 codice
1305 1195 1442 1228 erant.
1538 1187 1590 1229 Id

129 1262 276 1304 Maius
293 1265 334 1313 ³)
365 1264 573 1304 accidisse
607 1271 728 1319 putat
756 1273 932 1320 propter
961 1278 1125 1305 morem
1159 1263 1462 1316 librariorum,
1514 1264 1589 1307 ubi

130 1343 379 1382 testimonia
409 1350 451 1382 et
479 1343 759 1382 auctoritates
792 1342 1117 1396 proferrentur,
1161 1344 1303 1397 spatia
1337 1342 1588 1398 relinquen-

130 1421 262 1464 tium,
323 1427 369 1459 ut
397 1427 551 1474 postea
582 1418 785 1459 coloratis
814 1419 1013 1460 ductibus
1048 1419 1419 1471 adscriberentur,
1474 1421 1589 1476 quod

128 1511 243 1553 saepe
275 1496 525 1554 neglectum
558 1497 639 1549 sit3
700 1505 914 1552 praeterea
953 1512 1117 1539 morem
1155 1498 1292 1539 fuisse
1327 1498 1603 1554 Latinorunr

130 1574 409 1616 librariorum
444 1573 597 1616 Graeca
629 1576 873 1627 omittendi,
905 1584 953 1616 ut
984 1575 1038 1617 ab
1074 1576 1248 1617 homine
1271 1575 1420 1618 Graece
1444 1579 1586 1632 perito

130 1653 450 1708 supplerentur.
510 1652 561 1694 In
593 1668 677 1709 qua
707 1654 999 1709 disputatione
1030 1654 1216 1696 alterum
1251 1655 1482 1696 ridiculum
1520 1665 1588 1697 est

127 1732 180 1772 de
215 1730 403 1782 Graecis,
436 1746 566 1788 quum
599 1732 651 1773 de
678 1731 848 1773 Latinis
880 1732 1027 1774 verbis
1061 1735 1234 1774 omissis
1266 1742 1445 1789 agatur,
1477 1733 1585 1776 alte-

125 1824 222 1851 rum
261 1811 307 1850 in
351 1809 742 1851 Grammaticorum
787 1811 959 1866 quidem
993 1811 1117 1852 libris
1161 1812 1480 1870 describendis,
1538 1815 1586 1854 in

127 1886 282 1941 quibus
316 1889 462 1929 omnia
492 1890 537 1929 in
569 1890 831 1930 testimoniis
860 1891 1003 1946 posita
1034 1898 1158 1941 sunt,
1199 1891 1360 1932 facturn
1391 1905 1584 1945 unquam

125 1978 247 2014 esse,
294 1979 434 2020 neque
463 1967 681 2022 exemplis
713 1967 904 2007 ostendit
935 1982 1076 2023 neque
1109 1976 1253 2022 potest
1285 1969 1480 2019 ostendi,
1524 1976 1583 2019 et,

126 2043 163 2082 si
191 2051 363 2096 posset,
423 2044 468 2082 in
502 2043 583 2083 hac
616 2045 853 2098 quaestione
883 2044 1050 2085 nullam
1080 2046 1168 2085 vim
1200 2044 1406 2096 haberet3
1466 2046 1582 2087 unde

128 2116 241 2159 eni'm
272 2128 361 2160 tum
403 2122 590 2175 quinque
630 2120 710 2161 illa
735 2120 1009 2175 fragmenta?
1060 2122 1237 2165 Scilicet
1271 2125 1338 2175 ei,
1385 2125 1457 2179 qui
1489 2123 1580 2166 haec

127 2198 472 2248 consarcinavit,
533 2200 791 2254 scriptorum
824 2201 1001 2241 nomina
1033 2215 1269 2256 congerere
1306 2211 1380 2243 aut
1411 2201 1579 2257 fingere

124 2288 211 2315 non
241 2272 418 2315 difficile
453 2284 559 2326 erat,
590 2277 836 2333 fragmenta
868 2280 964 2334 ipsa
998 2293 1280 2335 componere,
1313 2289 1361 2321 ut
1394 2280 1466 2322 vel
1500 2282 1580 2322 mi-

126 2353 288 2393 nimam
318 2355 507 2408 speciem
538 2353 764 2407 haberent,
797 2355 896 2411 plus
927 2371 1070 2413 operae
1100 2357 1364 2413 postulabat.
1422 2357 1578 2415 Neque

124 2444 211 2471 non
242 2432 287 2471 in
321 2432 390 2483 iis,
423 2446 517 2488 quae
550 2435 693 2488 posita
721 2442 837 2486 sunt,
868 2435 1032 2477 fraudis
1060 2438 1248 2491 vestigia
1278 2446 1441 2493 patent.
1507 2437 1576 2479 De

122 2508 375 2550 Heracliteo
407 2519 560 2565 postea
585 2511 751 2555 dicetur
763 2528 775 2563 ;
806 2512 964 2557 Titinii
990 2528 1166 2558 sensum
1197 2530 1283 2561 non
1310 2514 1465 2565 habet;
1500 2516 1578 2557 sed

153 2716 189 2756 ¹)
217 2727 252 2759 p.
277 2712 310 2748 3.

150 2775 190 2816 2)
217 2787 250 2819 p.
276 2774 312 2816 8,
335 2775 370 2817 5,
394 2777 428 2810 7.

154 2833 190 2875 ³)
217 2835 315 2878 [πεῖ.
345 2849 379 2881 p.
405 2836 521 2875 XXX.
