1981 3390
235 407 305 446 86.

1412 283 1513 332 299

363 405 517 449 Ανίηι
532 407 682 445 t'taum
713 401 757 442 in
790 398 961 441 Gallico
993 412 1100 454 agro
1129 414 1168 441 a.
1196 401 1281 441 268
1309 400 1463 451 (Velis
1482 402 1581 443 coll.

363 481 464 522 Liv.
503 481 590 532 epit
619 480 714 530 15),
744 477 931 528 Latina,
974 479 1086 518 inter
1117 479 1186 519 18.
1246 476 1316 519 De
1353 480 1446 519 eius
1477 492 1580 533 quo·

364 557 462 598 dam
495 558 588 596 iure
617 556 704 596 vid.
733 569 863 607 supra
894 569 935 608 p.
964 554 1062 596 282.

228 634 297 675 87.
356 634 751 676 Beneventum
794 634 839 673 in
890 632 1068 674 Samnio
1109 632 1260 673 eodem
1299 646 1412 673 anno
1448 630 1582 684 (ibd.)

232 788 303 828 88.

232 941 302 981 39.

236 1094 305 1133 4⁰.

234 1251 304 1290 41.

235 1404 304 1443 42.

362 709 546 759 Latina,
579 712 692 751 inter
726 712 793 750 18.

360 785 599 829 Firmum
645 788 689 827 in
730 787 889 828 Piceno·
935 787 1060 826 initio
1101 786 1229 838 primi
1268 784 1375 826 belli
1414 786 1580 835 Punici,

363 865 514 916 (supra
546 878 587 916 p.
618 865 702 904 265
727 865 843 915 not.)
868 863 1040 911 Latina,
1073 863 1185 902 inter
1210 863 1277 901 18.

366 940 623 981 Castrum
654 940 738 981 No
755 952 872 979 vum
904 940 949 978 in
968 938 1128 978 Piceno
1160 938 1274 977 circa
1301 934 1452 978 eadem
1477 947 1583 979 tem-

360 1030 492 1070 pora,
526 1017 744 1057 maritima
773 1015 933 1055 civium
968 1015 1119 1066 (supra
1146 1028 1188 1066 p.
1221 1015 1304 1055 265
1335 1015 1462 1064 not.).

362 1092 644 1134 AEsernz'a
675 1094 721 1133 in
750 1092 929 1134 Samnio
959 1105 1072 1131 anno
1106 1099 1204 1143 post
1234 1091 1426 1132 Firmum
1446 1090 1583 1146 (vell.

364 1171 464 1214 coli.
496 1171 597 1211 Liv.
632 1171 734 1223 epit.
766 1167 915 1219 XVI),
947 1167 1129 1218 Latina,
1162 1170 1277 1208 inter
1306 1170 1376 1208 18.

359 1249 615 1292 AEsulnm
661 1248 706 1286 in
746 1245 876 1286 Latio
919 1247 1045 1285 annis
1086 1246 1143 1285 22
1191 1253 1289 1298 post
1332 1245 1583 1286 AEserniam

363 1325 548 1376 (veih),
581 1325 767 1364 fortasse
799 1323 960 1363 civium
993 1324 1143 1374 (supra
1172 1336 1214 1374 p.
1242 1323 1326 1362 264
1359 1326 1484 1371 not.).

361 1403 585 1443 Alsium
618 1402 664 1441 in
704 1400 880 1441 Etruria
918 1399 1070 1440 eodem
1101 1413 1238 1449 anno,
1277 1400 1494 1439 maritima
1524 1400 1583 1440 ci-

361 1480 480 1520 vium
516 1483 666 1531 (supra
694 1491 736 1530 p.
763 1478 882 1526 265).

235 1557 305 1597 43.
362 1554 632 1610 Fregenae
661 1553 831 1595 duobus
859 1554 986 1594 aunis
1012 1560 1110 1605 post
1140 1551 1336 1603 Alsium,
1369 1553 1587 1592 maritima

365 1634 527 1674 civium
559 1632 707 1692 (supra
731 1645 774 1684 p.
799 1631 916 1677 265).

237 1710 306 1750 44.
365 1709 744 1751 Brundusium
794 1709 839 1748 in
891 1719 998 1762 agro
1040 1704 1285 1747 Sallentino
1336 1719 1449 1746 anno
1489 1713 1589 1758 post

363 1770 602 1842 F1·egena§,
632 1783 857 1841 Torquato
887 1784 1230 1838 Sempronioque
1261 1796 1397 1833 coss.‚
1430 1783 1473 1824 id
1507 1791 1588 1834 est,

360 1865 445 1904 244
471 1863 534 1916 ¹),
585 1861 721 1915 (Vell.
767 1861 866 1903 coll.
912 1861 1013 1902 Liv.
1057 1852 1175 1914 epit(
1202 1859 1369 1911 XIX),
1412 1860 1587 1910 Latina,

366 1941 482 1981 inter
513 1942 581 1980 18.

227 2030 294 2072 29,
332 2043 353 2064 a
386 2043 457 2074 quo
494 2031 576 2063 iure
609 2027 779 2063 dissentit
808 2026 1057 2061 Ruhnkenius
1094 2026 1139 2059 ad
1175 2026 1271 2059 Vcn.
1300 2038 1413 2070 quum
1437 2031 1590 2072 propfer

225 2091 442 2124 adiunctam
471 2089 676 2123 Posidoniae
707 2088 934 2122 mentionem
970 2092 1048 2120 tum
1084 2088 1181 2130 quod
1219 2086 1314 2119 nihil
1342 2087 1492 2120 omnino
1518 2088 1590 2121 hac

226 2156 334 2184 aetate
359 2150 394 2184 in
423 2151 575 2184 Etruria
601 2153 750 2194 gestum
776 2153 842 2189 est,
865 2147 901 2180 in
920 2146 1125 2180 Lucaniam
1142 2150 1178 2179 et
1197 2145 1413 2180 inferiorem
1440 2148 1591 2181 ltaliam

230 2210 355 2244 onmia
380 2221 501 2244 versa.
539 2210 697 2244 secutus
724 2213 778 2242 est
803 2206 1096 2247 Freinshemius,
1123 2207 1219 2250 quod
1246 2208 1342 2250 apud
1370 2208 1467 2242 Ptin.
1495 2208 1591 2252 legi-

225 2274 288 2303 tur
316 2271 432 2312 (nist.
469 2271 512 2305 N.
539 2270 619 2310 111,
652 2268 695 2310 5,
731 2268 794 2309 8)=
837 2268 929 2301 cosa
961 2266 1195 2300 Volcis-ulium
1220 2278 1242 2300 a
1264 2267 1401 2311 populo
1427 2268 1589 2301 Romano

226 2330 410 2369 deducta,
441 2330 650 2368 Graviscae,
689 2329 857 2362 Castrum
892 2327 1048 2366 Novum,
1076 2326 1205 2371 Pyrgi.
1264 2329 1402 2362 Verum
1441 2329 1493 2362 ibi
1529 2329 1590 2363 vix

228 2390 384 2424 dubium
411 2402 490 2424 esse
516 2394 650 2434 penest,
677 2388 765 2433 quin
789 2387 867 2432 legi
892 2388 1047 2421 debeat:
1077 2387 1172 2420 Cosa
1203 2386 1451 2428 Volcientium,
1478 2401 1501 2421 a
1521 2400 1591 2433 po-

222 2450 313 2494 pulo
354 2450 516 2483 Romano
555 2451 721 2484 deductae
761 2447 948 2480 Graviscae
974 2451 1058 2481 cett.
1115 2448 1249 2481 Cosam
1273 2448 1398 2493 stirpis
1424 2450 1589 2483 Etruscae

226 2509 342 2544 fuisse
377 2510 606 2556 significavit
641 2509 768 2544 addito
809 2508 1063 2543 volcientium
1107 2508 1276 2549 nomine,
1318 2509 1425 2542 nobis
1461 2509 1589 2554 ignoto

229 2574 267 2604 et
292 2572 451 2606 fortasse
477 2575 678 2615 corrupto3
702 2569 793 2603 huic
818 2569 1047 2603 contrariam
1074 2569 1198 2614 posuit
1223 2569 1490 2603 Graviscarum
1514 2569 1590 2603 ori-

259 2641 369 2665 inem.

162 2691 200 2733 ι)
226 2642 327 2725 {gline
350 2690 597 2735 regrediendo
624 2703 691 2736 per
716 2701 891 2726 numeros
911 2690 1081 2724 Firmum
1109 2693 1145 2724 et
1167 2690 1339 2723 Castrum
1355 2689 1500 2724 Novum
1528 2703 1587 2725 re-

230 2752 395 2785 feremus
426 2751 472 2784 ad
499 2761 532 2785 a.
558 2751 642 2794 27⁰,
669 2752 706 2786 id
734 2756 801 2794 est,
827 2755 914 2785 ante
938 2751 1149 2785 Ariminum
1177 2755 1214 2784 ct
1239 2751 1494 2784 Beneventum
1523 2763 1588 2795 po·

228 2822 382 2851 nemum
419 2815 598 2856 apparet,
633 2817 699 2848 aut
727 2814 795 2847 has
828 2811 995 2847 colonias
1021 2823 1093 2846 non
1119 2815 1220 2846 recte
1246 2810 1434 2845 ordinatas
1463 2822 1541 2845 cssc
1567 2821 1588 2845 a

230 2871 376 2906 Velleio
407 2875 472 2907 aut
499 2882 673 2908 numeros
700 2873 810 2908 valde
834 2873 1084 2917 perturbatos.
