1981 3390
1495 299 1591 348 441

208 428 250 467 in
282 439 368 467 uno
397 427 527 467 etiam
559 420 753 463 membro
781 421 960 472 dicitur,
994 433 1124 476 quum
1155 432 1292 476 neque
1323 423 1659 477 em'm—-ueque

207 503 434 554 scribitur,
479 500 664 542 alterum
706 501 847 554 magis
888 498 1079 539 adhaeret
1121 498 1336 553 superiori
1369 499 1495 552 cique
1531 498 1661 538 adne-

208 561 316 621 xum
347 587 436 626 est3
479 590 608 633 quum
647 590 744 618 nam
776 590 913 631 neque
942 577 1124 626 dicitur,
1169 577 1313 616 statim
1357 574 1542 615 alterum
1582 588 1663 615 ex-

206 664 423 711 spectatur
446 653 511 709 ¹);
556 655 632 696 cfr.
675 669 753 708 pro
799 654 925 695 Rosc.
957 654 1105 695 Amer.
1130 655 1209 704 39,
1246 654 1350 702 112,
1382 653 1434 693 de
1463 651 1584 693 Orat.
1618 653 1658 702 1,

202 734 282 784 56,
312 735 409 783 237,
443 732 508 782 ΙΙ,
540 733 620 783 51,
651 733 748 781 205,
779 731 846 782 Π,
877 733 956 782 53,
987 733 1094 782 213,
1141 731 1193 771 de
1227 730 1367 785 chg.
1401 729 1470 780 ΙΙ,
1503 730 1556 781 5,
1589 730 1659 779 13,

209 809 320 851 Caes.
353 812 396 850 in
432 819 539 850 orat.
568 824 646 864 pro
681 808 878 864 Bithynis
918 809 1031 864 apud
1069 808 1184 850 Gell.
1216 808 1274 858 V,
1312 810 1390 857 13,
1424 806 1577 848 Horat.
1603 806 1658 848 A.

209 888 258 929 Ρ.
283 889 391 939 348,
434 887 607 928 Lucret.
649 886 743 938 VI,
789 889 873 928 ’709
910 886 1003 941 (ubi
1047 888 1168 929 codd.
1210 885 1452 939 complures
1495 893 1537 925 et
1567 884 1665 925 edd.

212 974 343 1016 vett.,
392 974 438 1005 ut
480 966 523 1005 in
567 964 648 1004 hoc
687 962 912 1005 Ciceronis
955 963 1079 1014 loco,
1123 966 1339 1017 namque).
1416 961 1567 1016 Itaque
1611 961 1664 1001 ad

212 1043 396 1084 eundem
428 1042 601 1082 modum
641 1042 686 1081 in
717 1049 825 1081 orat.
858 1040 924 1082 IV
953 1042 997 1081 in
1025 1040 1156 1082 Catil.
1186 1042 1237 1092 2,
1266 1042 1294 1081 3
1336 1054 1359 1080 e
1398 1039 1544 1080 codice
1584 1038 1664 1079 Er-

209 1120 394 1161 furtensi
439 1127 482 1159 et
522 1117 622 1159 aliis
656 1119 828 1159 restitui
873 1120 1143 1159 necessario:
1190 1117 1306 1159 Nam
1348 1130 1487 1172 neque
1527 1120 1667 1170 turpis·

214 1211 325 1238 mors·
343 1197 470 1247 forle·
496 1200 589 1237 viro
612 1201 760 1250 potest
792 1196 994 1236 accedere
1026 1210 1164 1252 neque
1190 1200 1419 1236 immatura
1447 1194 1671 1234 consulari

215 1288 296 1314 nec
326 1279 482 1314 misera
515 1278 726 1328 sapiente}
769 1282 812 1314 et
850 1275 893 1314 in
924 1276 1119 1315 oratione
1152 1288 1230 1329 pro
1261 1272 1349 1327 leg.
1381 1271 1500 1312 Man.
1531 1273 1573 1321 ¹7,
1614 1272 1669 1311 18

215 1353 260 1392 in
293 1351 479 1392 similem
516 1353 807 1407 suspicionem
844 1352 1044 1392 inductus
1079 1365 1175 1392 sum
1205 1359 1383 1407 propter
1415 1350 1672 1403 scripturam

218 1429 414 1470 codicum
448 1429 676 1469 deterioris
707 1429 900 1470 familiae.

337 1505 387 1546 C.
416 1508 457 1555 3,
487 1508 516 1546 ’7
543 1519 674 1560 quum
707 1515 749 1546 et
779 1507 874 1548 cod.
905 1507 1043 1547 Paris.
1070 1503 1250 1561 (Naug.)
1283 1513 1326 1546 et
1353 1503 1599 1546 Boi-nenses
1629 1513 1673 1546 et

217 1591 419 1638 quattuor
463 1582 744 1624 Oxonienses
786 1584 998 1627 habeant:
1040 1591 1090 1625 nt
1125 1585 1203 1624 ille
1242 1587 1461 1637 insperato
1494 1587 1672 1635 aspectu

218 1660 551 1714 complexuque,
594 1664 636 1700 ει·
665 1674 750 1701 non
782 1675 968 1712 omnem,
1012 1667 1061 1701 at
1088 1661 1278 1715 aliquam
1309 1665 1477 1714 partem
1512 1672 1674 1699 moero-

218 1740 281 1777 ris
307 1720 659 1790 sniideponeret,
691 1737 1015 1794 obsequendum
1045 1747 1111 1779 est
1137 1739 1364 1779 coniuncto
1399 1738 1529 1777 trium
1555 1737 1674 1777 codi-

221 1828 318 1855 cum
358 1813 623 1855 familiarum
666 1817 940 1867 testimonio,
991 1817 1061 1856 cui
1104 1829 1215 1855 unus
1258 1822 1473 1869 repugnat
1504 1814 1675 1856 Herva-

220 1893 341 1948 gius,
387 1891 575 1941 nullius,
636 1890 710 1932 ubi
764 1907 790 1932 a
841 1872 1079 1933 Pan-{siens}
1130 1891 1336 1942 discedit,
1390 1892 1675 1932 auctoritatis.

221 1968 314 2010 Nec
345 1967 480 2017 bene,
526 1983 656 2024 quum
691 1969 919 2010 consilium
953 1970 1085 2010 Sestii
1118 1967 1362 2024 significet,
1403 1968 1560 2009 dicitur
1596 1969 1674 2009 illo

223 2052 422 2101 aspectu,
457 2054 661 2102 tanquam
693 2061 784 2088 rem
818 2046 976 2088 factam
1007 2046 1352 2098 den1onst1·et²).

248 2183 286 2226 ¹)
312 2182 393 2216 Non
417 2193 567 2226 semper
600 2182 773 2217 membra
808 2182 969 2217 notionis
998 2181 1272 2226 sententiaequoe
1308 2180 1454 2214 curiose
1479 2178 1679 2225 distingui-

314 2253 420 2283 mus3
448 2242 574 2287 itaque
599 2254 669 2276 non
697 2254 842 2287 semper
869 2243 1006 2277 dicitur
1030 2254 1111 2276 nam
1140 2254 1252 2286 neque
1276 2260 1320 2267 —
1346 2252 1482 2285 neque,
1514 2240 1579 2274 ubi
1605 2238 1680 2273 dici

315 2307 486 2347 poterat,
513 2314 558 2336 nc
584 2303 664 2346 quis
688 2302 724 2336 in
752 2314 794 2336 co
820 2303 972 2338 haereat.
1021 2303 1098 2337 csr.
1124 2304 1169 2336 de
1196 2307 1289 2337 orat.
1319 2304 1378 2342 11,
1420 2302 1488 2343 56,
1523 2300 1604 2343 227,
1639 2300 1678 2334 in

316 2364 423 2396 Vcrr.
448 2364 478 2402 Ι,
503 2362 538 2404 2,
558 2363 580 2396 4
609 2363 697 2407 (etsi
733 2363 786 2397 ibi
810 2363 914 2399 Leid.
942 2367 978 2398 ct
1004 2364 1132 2398 Guelf.
1158 2363 1182 2397 2
1211 2363 1390 2397 omittunt
1425 2362 1546 2404 cuim),
1585 2361 1678 2397 ibid.

314 2423 353 2464 1,
378 2423 444 2463 46,
471 2422 538 2455 121
568 2423 654 2466 (ubi
685 2435 796 2467 porro
823 2424 992 2457 additum
1022 2424 1208 2458 rationem
1233 2425 1382 2465 mutat),
1419 2422 1494 2457 Cic.
1521 2423 1567 2456 de
1595 2421 1678 2456 Fin.

312 2483 368 2523 11,
395 2482 460 2524 10,
486 2482 553 2525 32,
579 2485 636 2526 11,
666 2485 730 2526 13,
755 2485 824 2526 41,
851 2496 918 2529 pro
947 2485 1094 2521 cluent.
1123 2485 1192 2525 39,
1217 2484 1297 2526 108,
1325 2484 1383 2526 48,
1409 2482 1488 2523 133,
1513 2483 1572 2524 51,
1597 2482 1676 2516 112.

315 2544 358 2576 In
386 2544 578 2578 nonnullis
602 2545 741 2579 horum
766 2546 936 2579 locorum
962 2557 1008 2579 ne
1035 2550 1116 2579 erat
1141 2546 1304 2590 quidem,
1331 2557 1399 2578 cur
1424 2545 1543 2577 altero
1569 2543 1679 2576 modo

316 2602 480 2636 scrIbcrc
509 2604 706 2648 quisquam
730 2606 874 2639 multet.
933 2605 975 2639 In
1002 2607 1193 2640 nonnullis
1218 2605 1311 2639 locis
1349 2604 1517 2637 codicum
1552 2607 1682 2636 aucto-

318 2663 429 2696 ritate
454 2664 653 2698 delendum
682 2670 737 2699 est
762 2667 865 2706 enim,
894 2670 934 2700 ut
959 2668 1079 2701 oratio
1107 2667 1228 2713 magis
1258 2667 1306 2700 sit
1332 2664 1435 2710 quusi
1461 2663 1681 2708 explicantis

319 2734 428 2766 quam
453 2723 640 2758 rationem
662 2727 869 2767 reddentis,
894 2729 999 2761 velut
1024 2728 1058 2761 in
1088 2730 1191 2761 Vei-r.
1222 2729 1258 2768 1,
1297 2727 1338 2766 1,
1374 2725 1416 2765 3,
1454 2724 1515 2756 nbi
1543 2723 1684 2756 delevit

321 2783 529 2827 Zumptius,
555 2795 621 2827 pro
647 2786 791 2819 cluent.
818 2788 876 2828 15,
902 2788 958 2829 15,
980 2789 1044 2822 uhi
1073 2788 1202 2833 optimi
1230 2785 1409 2820 Classenii
1437 2783 1539 2817 codd.
1570 2782 1679 2817 omit—

321 2848 426 2884 tunt3
452 2843 566 2877 etiam
594 2845 639 2877 de
663 2845 785 2879 Finib.
815 2848 845 2888 1,
875 2847 931 2889 18,
956 2848 1013 2882 58.

256 2906 294 2947 ²)
320 2903 441 2940 Paulo
479 2908 563 2939 ante
601 2905 713 2940 lectio
747 2908 978 2951 gravissimae
1012 2909 1240 2952 antiquitatis
1275 2905 1409 2942 nititur
1438 2904 1683 2940 nomenoium
