1981 3390
1410 213 1506 264 145

120 340 293 391 viores,
333 337 428 381 duae
461 333 699 390 longiores.
765 329 1026 389 corruptam
1066 340 1212 375 autom
1249 344 1347 375 esse
1389 336 1571 390 scriptu-

117 431 239 470 rum,
280 416 556 474 perspicuum
590 420 682 461 est;
712 413 866 472 {neque
909 413 1026 454 enim
1061 413 1107 454 in
1146 412 1328 453 infamia
1369 412 1572 463 dedecus,

118 496 195 538 sed
243 496 290 536 in
327 493 445 534 fama
487 492 645 540 haeret;
695 499 739 532 et
780 492 827 532 in
866 488 1067 542 infamiae
1106 489 1321 532 vocabulo
1357 489 1496 532 latere
1527 495 1575 532 in

104 561 425 628 fama'plures
457 570 799 619 intellexerunt3
841 569 915 610 sed
949 570 1073 625 origo
1117 570 1212 610 eius
1250 569 1396 610 mendi
1440 567 1571 610 intel-

115 649 267 705 ligitur
318 664 379 692 ex
429 650 627 692 codicum
678 650 886 700 duorum,
931 649 1004 704 qui
1054 649 1169 689 inter
1219 649 1405 703 optimos
1457 656 1573 697 sunt,

112 727 385 784 Hittorpiani
436 737 480 770 et
524 728 798 777 Fabriciani,
852 735 896 768 et
943 728 1072 768 unius
1112 726 1341 767 deterioris
1384 725 1573 767 lectione

114 805 323 858 inlaoeret,
371 821 465 864 quae
492 808 724 848 verissima
755 815 843 857 est;
884 819 987 846 nam
1018 813 1195 860 propter
1225 805 1269 844 id
1301 806 1443 860 ipsum
1477 818 1574 845 ver-

116 883 220 927 bum
257 885 432 927 dativus
462 884 612 927 illatus
645 892 726 926 est.
802 884 919 926 Satis
947 891 1013 924 est
1042 883 1158 923 enim
1191 889 1368 931 notum,
1399 881 1572 922 Cicero·

115 977 217 1006 nem
260 963 362 1005 huic
395 961 531 1005 verbo
566 970 608 1003 et
651 962 808 1004 ceteris
841 961 996 1002 eodem
1028 959 1156 1001 modo
1184 961 1438 1015 compositis
1469 972 1574 1015 prae-

114 1042 380 1098 positionem
424 1039 715 1096 subiungere,
755 1053 922 1095 proque
966 1052 1018 1079 ea
1054 1046 1271 1079 structura
1316 1053 1342 1079 a
1382 1037 1575 1079 librariis

114 1119 209 1162 fere
239 1119 435 1161 dativum
468 1117 699 1169 substitui,
746 1131 841 1174 quae
880 1125 1032 1174 postea
1063 1117 1332 1172 frequentior
1365 1125 1458 1157 erat
1490 1116 1575 1156 for-

116 1211 216 1247 ma;
258 1197 382 1240 velut
417 1199 656 1254 saepissime
699 1195 783 1238 hoo
823 1194 874 1237 fit
912 1197 958 1237 in
997 1194 1133 1238 verbo
1168 1195 1282 1251 quod
1324 1204 1390 1235 est
1421 1198 1577 1235 inesse.

117 1274 298 1331 Itaque,
330 1284 378 1316 ut
407 1275 501 1318 haec
524 1277 692 1317 minuta
721 1273 917 1330 exempli
942 1287 1074 1316 causa
1105 1282 1298 1328 tangam,
1329 1281 1371 1313 et
1403 1274 1448 1313 in
1480 1271 1574 1313 Cat.

117 1352 198 1405 IV,
233 1355 303 1405 11,
338 1355 408 1406 23,
438 1353 515 1396 ubi
544 1352 799 1410 legebatur:
840 1355 929 1394 erct
965 1355 1121 1394 vestris
1165 1350 1374 1393 mentibus·
1415 1349 1576 1400 infixa,

118 1431 258 1483 edidi,
300 1433 417 1487 quod
459 1440 553 1473 erat
581 1434 628 1472 in
657 1432 849 1472 editione
878 1445 918 1471 a.
947 1432 1072 1480 1472,
1107 1433 1195 1471 ere'l·
1221 1433 1268 1471 in
1300 1432 1454 1470 veslre‘s
1488 1427 1575 1477 ‘Inf-

116 1523 187 1562 m.,
218 1523 350 1566 quum
381 1513 429 1551 iu
454 1513 611 1551 vestris
642 1510 850 1564 scriptum
881 1516 998 1550 esset
1025 1509 1071 1549 in
1104 1508 1227 1549 codd.
1255 1507 1502 1548 Erfurtensi
1535 1514 1579 1547 et

117 1587 362 1630 Franciano
403 1595 446 1630 et
475 1588 530 1629 ad
562 1589 806 1643 marginem
853 1602 879 1628 a
916 1585 1135 1628 Lambino
1175 1601 1199 1627 e
1230 1585 1352 1627 codd.
1398 1585 1578 1626 adnota-

119 1674 234 1718 tum,
288 1674 332 1708 et
367 1681 448 1722 pro
488 1665 624 1708 Areh.
670 1668 747 1717 11,
802 1667 860 1707 26
903 1666 1260 1721 praepositionem
1300 1664 1487 1715 reduxi,
1537 1671 1582 1704 et

119 1742 312 1802 Philipp.
342 1744 412 1797 ΙΙ,
452 1747 534 1796 26,
579 1746 636 1786 64
672 1745 867 1786 ordinem
900 1743 1136 1786 verborum
1168 1759 1192 1785 e
1227 1743 1319 1785 cod.
1352 1742 1456 1784 Vat.
1487 1756 1580 1783 mu-

121 1824 238 1876 tavi3
274 1838 374 1865 nam
406 1828 548 1865 animo
582 1838 679 1864 cum
713 1837 820 1864 voce
853 1822 991 1864 lzaeret
1017 1822 1367 1877 coniungendum
1401 1828 1467 1861 est
1484 1823 1538 1871 1).

241 1900 294 1942 In
323 1901 536 1942 Oratione
581 1902 773 1943 secunda
805 1903 851 1942 in
878 1899 1116 1942 Catilinam
1149 1901 1443 1942 additamenta
1473 1898 1579 1938 seri-

124 1974 279 2018 barum
319 1979 570 2020 coniectura
601 1979 754 2019 ductus
783 1980 831 2018 in
860 1977 998 2018 tribus
1032 1977 1142 2019 locis
1176 1977 1351 2027 notavi,
1397 1988 1580 2030 quorum

126 2054 324 2111 exempli
365 2070 497 2097 causa
537 2056 590 2096 de
631 2070 684 2096 eo
729 2056 893 2106 dicam,
949 2056 1024 2110 qui
1064 2062 1130 2095 est
1172 2068 1208 2095 c.
1238 2054 1292 2105 5,
1332 2055 1410 2102 10;
1449 2054 1489 2094 is
1519 2054 1581 2095 ita

126 2131 422 2176 scribebatur:
471 2132 577 2175 Non
617 2137 729 2174 em'm
767 2137 855 2174 iam
888 2138 991 2174 sunt
1016 2131 1255 2173 mediocres
1282 2129 1495 2172 hominum
1526 2131 1579 2172 lc-

126 2209 321 2262 ὀίᾰιήεε,
371 2224 459 2254 non
494 2210 693 2253 ltumanoe
745 2212 948 2253 audaciae
996 2225 1051 2252 ac
1090 2209 1352 2260 tolerandae,
1406 2207 1581 2251 sublata

125 2290 418 2331 concinnitate
463 2288 757 2332 membrorum
795 2289 902 2343 (non
944 2287 1182 2330 mediocres
1217 2287 1446 2339 libidines,
1495 2300 1582 2330 non

154 2477 194 2525 ²)
220 2481 405 2523 Fuerunt,
428 2479 492 2526 qui
515 2479 555 2516 in
578 2479 652 2515 hoc
674 2479 759 2515 loco
788 2488 995 2524 pronomen
1022 2474 1281 2514 desiderarent
1305 2480 1487 2526 (infamiae
1512 2484 1584 2515 tum

219 2545 287 2576 aut
310 2541 348 2575 ἰη
367 2542 476 2583 fama
498 2542 582 2585 tua)
596 2565 609 2582 ‚
637 2543 770 2576 eodem
794 2540 939 2575 scilicet
964 2550 1114 2581 errore,
1151 2551 1224 2584 quo
1252 2540 1292 2576 id
1314 2541 1465 2576 librarii
1490 2552 1582 2575 non-

216 2601 315 2637 nulli
340 2602 564 2638 addiderant
587 2615 656 2649 pro
680 2603 809 2649 Ligar.
835 2603 881 2644 4,
913 2602 958 2637 11
985 2601 1184 2645 (avunculo
1210 2604 1322 2648 suo),
1360 2602 1427 2637 ubi
1451 2605 1584 2647 praeter

222 2666 300 2699 tres
334 2663 479 2699 codices
510 2665 559 2700 ab
584 2664 730 2700 Orellio
757 2664 892 2699 citatos
928 2662 1070 2698 omittit
1102 2662 1182 2697 cod.
1223 2663 1263 2698 C.
1299 2663 1455 2707 steph„
1490 2673 1584 2696 unus

219 2723 339 2760 Oxon.
355 2749 366 2766 ‚
399 2726 527 2761 Haun.
542 2750 552 2768 ‚
587 2729 625 2762 et
644 2737 711 2772 pro
735 2723 864 2772 Ligar.
893 2722 963 2767 12,
997 2723 1043 2759 38
1067 2725 1222 2768 (natura
1243 2723 1354 2767 tua),
1379 2720 1445 2756 ubi
1473 2720 1585 2756 omit-

224 2785 386 2821 tentibus
414 2787 518 2822 codd.
547 2788 692 2823 accedit
716 2787 798 2822 cod.
823 2788 950 2821 Haun.
978 2788 1015 2820 et
1041 2785 1198 2830 Quintil.
1226 2786 1335 2826 vm,
1361 2784 1406 2823 5,
1432 2785 1464 2817 7.
1516 2782 1583 2818 Se-

135 2863 177 2884 e..
227 2844 303 2878 mel
329 2846 491 2890 positum
516 2849 564 2884 ad
588 2852 791 2896 utrumque
815 2849 1028 2885 membrum
1055 2845 1228 2891 pertinet.

1253 2917 1293 2948 10
