1981 3390
1479 215 1532 263 ll

157 334 318 386 leium,
361 344 576 389 nunquam
608 328 831 373 Caecilium
858 329 1152 373 Minutianum
1173 329 1404 387 appellat,
1437 342 1479 373 et
1512 335 1604 375 eius

157 412 405 454 libellorum
432 410 552 452 locos
585 408 826 466 permultos
855 410 1032 465 respicit
1051 410 1114 462 ¹);
1143 418 1290 451 contra
1320 411 1364 450 in
1398 411 1452 451 iis
1483 410 1605 463 locis,

156 492 229 547 qui
257 503 352 531 cum
382 490 638 545 fragmentis
663 490 964 540 consentiunt,
1020 487 1187 529 nullum
1225 489 1497 544 grammatici
1530 503 1606 530 no-

154 569 256 609 men'
292 570 440 623 ponit,
488 582 575 610 non
602 568 799 624 profecto
828 568 969 623 magis
1003 566 1073 608 hic
1104 568 1367 618 omissurus,
1399 581 1527 622 quam
1561 569 1605 608 in

152 644 269 697 illis,
311 648 349 687 si
376 646 430 688 ab
461 646 544 688 hoc
576 645 752 688 Caecilio
786 647 1044 701 sumpsisset
1058 647 1116 695 2).
1180 646 1246 687 Ac
1273 647 1310 686 si
1344 660 1428 701 qua
1457 660 1608 701 super-

155 733 220 765 est
249 724 490 775 dubitatio,
534 724 664 780 plane
697 739 748 765 eo
782 724 978 774 tollitur,
1020 723 1133 779 quod
1167 722 1432 774 Tortollius,
1475 737 1606 779 quum

154 804 249 858 ipse
280 817 476 859 quoque,
531 801 609 844 ubi
639 802 693 843 de
729 815 1015 857 personarum
1046 801 1326 856 locorumque
1360 801 1608 842 nominibus

156 883 365 937 exponit,
407 880 701 936 mythologica
734 886 778 918 et
808 878 1015 919 historica
1048 886 1091 919 et
1121 877 1207 919 alia
1239 877 1488 918 huiusmodi
1520 887 1609 919 stu·

154 958 275 999 diose
304 959 566 1008 admisceat,
628 969 840 1012 nusquam
875 957 1052 997 omnino
1082 955 1342 1012 Apuleianis
1372 955 1462 997 illis
1493 957 1609 1012 frag-

154 1036 311 1076 mentis
352 1043 427 1076 aut
465 1036 724 1090 scriptorum
763 1048 960 1076 rarorum
999 1048 1159 1090 magno
1193 1049 1372 1075 numero
1405 1035 1475 1076 hic
1505 1037 1609 1077 cita-

153 1122 294 1155 torum
325 1114 585 1155 testimoniis
614 1114 778 1165 utitur,
835 1114 910 1154 sed
942 1115 1057 1154 notis
1099 1122 1142 1154 et
1175 1112 1501 1164 communibus,
1562 1123 1610 1155 ut

151 1193 297 1233 statim
328 1193 374 1233 in
405 1190 606 1233 Busiride
639 1189 842 1232 Caecilius
876 1190 946 1232 hic
978 1190 1268 1243 Charontem‚
1299 1192 1607 1247 Pherecydem,

151 1269 392 1311 Homerum
425 1271 653 1321 minorem,
687 1268 924 1320 Nasonem,
958 1268 1160 1321 Calvum,
1191 1271 1460 1322 Lucretium,
1499 1271 1609 1312 Dio-

153 1348 330 1398 dorum,
390 1347 632 1399 Lucilium,
686 1346 938 1389 Cornelium
976 1348 1138 1390 Rufum
1175 1351 1278 1390 citat
1309 1363 1469 1405 magno
1511 1363 1608 1390 cum

152 1427 335 1481 strepitu
353 1427 420 1477 ³),
459 1434 507 1465 ut
541 1427 813 1466 notissimam
845 1440 938 1466 rem
970 1427 1120 1467 decem
1147 1427 1294 1467 verbis
1329 1427 1610 1482 comprehen-

151 1516 243 1544 sam
285 1501 512 1544 confirmet
573 1505 675 1554 (etsi
713 1505 759 1544 in
799 1504 975 1544 nomine
1004 1503 1175 1560 Epaphi
1209 1503 1338 1556 filiae,
1395 1503 1610 1547 Busiridis

152 1582 319 1633 matris,
348 1595 374 1622 a
404 1581 580 1637 vulgari
609 1581 726 1623 fama
756 1582 983 1635 discedit);
1024 1576 1294 1624 *Tortellius
1306 1585 1350 1634 4)
1387 1583 1610 1635 Ovidium,
1636 1591 1642 1593 ⁴

151 1659 417 1715 Virgilium,
462 1660 690 1711 Servium,
724 1659 988 1713 Isocratem,
1029 1660 1327 1713 Herodotum,
1366 1661 1608 1704 Diodorum

152 1738 348 1782 Siculum
378 1738 551 1790 laudat,
615 1746 658 1780 et
687 1752 748 1780 ex
784 1741 839 1780 iis
872 1738 1067 1781 fabulam
1100 1748 1288 1782 enarrat.
1356 1740 1530 1782 Similia
1564 1743 1609 1782 in

149 1817 316 1873 Pyrrho
347 1825 390 1858 et
419 1816 518 1859 aliis
548 1818 838 1859 animadverti
870 1826 1065 1874 possunt.
1135 1816 1288 1874 Itaque
1334 1827 1500 1861 tantum
1534 1819 1610 1861 ab·

150 1904 232 1962 est,
261 1903 309 1937 ut
342 1910 368 1938 a
396 1896 742 1953 fragmentorum
764 1905 940 1938 auctore
968 1897 1202 1952 quidquam
1223 1896 1464 1938 Tortellius
1494 1912 1611 1939 sum-

149 1976 310 2030 pserit,
341 1982 417 2024 ut,
460 1976 497 2015 si
527 1988 621 2030 quae
655 1975 886 2016 admodum
912 1973 1075 2015 similia
1103 1982 1229 2024 sunt,
1269 1982 1316 2014 ut
1345 1975 1398 2015 de
1427 1975 1609 2017 Menoe-

151 2053 213 2092 tio
230 2053 301 2104 ⁶),
334 2051 450 2103 aliis,
480 2065 533 2092 ea
565 2050 643 2092 ille
677 2066 703 2093 a
736 2050 956 2093 Tortellio
985 2058 1157 2106 sumpta
1187 2065 1423 2093 exornasse
1455 2062 1609 2110 putan—

151 2130 231 2171 dus
263 2130 334 2170 sit.

273 2206 361 2250 Sed
388 2207 607 2262 praecipua
638 2214 682 2247 et
711 2206 954 2250 clarissima
983 2216 1239 2263 argumenta
1277 2219 1514 2253 nascuntur
1546 2226 1606 2254 ex

151 2299 205 2327 ea
236 2285 332 2341 ipsa
358 2299 431 2336 re,
495 2299 580 2342 qua
609 2285 701 2328 haec
734 2286 981 2343 fragmenta
1011 2286 1234 2328 excellere
1265 2296 1496 2344 putantur,
1547 2304 1607 2331 ex

153 2365 412 2420 scriptorum
442 2363 717 2407 laudatorum
747 2365 1049 2415 multitudine3
1088 2367 1132 2407 in
1163 2381 1247 2423 qua
1277 2381 1324 2408 re
1351 2376 1438 2409 tam
1470 2367 1607 2410 multa

153 2441 375 2485 mirabilia
407 2451 450 2484 et
482 2457 690 2500 perversa
719 2453 841 2498 sunt,
887 2454 935 2488 ut
966 2445 1087 2487 fraus
1119 2446 1333 2502 quomodo
1364 2446 1501 2489 latere
1531 2461 1606 2503 po-

183 2591 218 2632 1)
243 2589 321 2624 vid.
347 2601 426 2636 quae
451 2591 544 2628 citat
566 2591 646 2638 ipse
669 2592 794 2628 Osann
821 2605 857 2638 p.
881 2592 940 2635 91,
959 2591 1040 2635 131,
1066 2591 1147 2636 136,
1171 2592 1253 2636 137,
1277 2592 1358 2635 139,
1383 2593 1462 2629 14⁰.

176 2651 219 2694 ²)
244 2650 319 2686 vid.
341 2652 454 2699 apud.
480 2654 608 2690 Osann
634 2667 670 2701 p.
694 2653 755 2698 64,
781 2654 842 2699 65,
865 2653 925 2697 73,
949 2654 1010 2695 76,
1034 2655 1092 2690 77.

177 2712 194 2734 ⁸
269 2738 277 2747 .
303 2711 338 2748 3.

175 2712 216 2814 ⁴}
241 2725 285 2808 1η
310 2774 486 2817 editione,
515 2787 588 2823 qua
615 2780 712 2820 utor,
741 2777 872 2815 venet.
896 2777 999 2815 1495.
1030 2778 1123 2815 solia
1151 2790 1225 2814 non
1252 2779 1508 2812 numerantur.

184 2829 217 2875 ⁵)
245 2835 267 2877 S
290 2833 348 2871 32.
