1981 3390
1432 202 1532 252 509

142 323 358 366 habemns.
422 323 519 366 Non
562 322 691 366 valde
730 321 950 362 diversum
994 329 1062 361 est
1100 320 1153 362 ad
1186 320 1342 363 Famil.
1375 323 1493 375 XII,
1522 326 1597 366 24:

144 402 242 456 Ego
275 404 437 444 nullum
469 404 605 442 Iocum
628 402 910 454 proetermitto
941 399 1041 450 (uec
1062 403 1173 440 enim
1193 399 1345 453 debeo)
1367 414 1451 440 non
1475 403 1596 442 modo

142 481 332 521 ornandi
359 484 437 528 tui,
470 478 618 518 sedne
645 477 862 517 laudandi
877 477 1060 532 quidem.
1121 477 1292 518 Deinde
1323 477 1597 519 scribendum

141 567 206 598 est
238 572 295 598 ex
328 557 450 606 Pan,
484 553 640 604 Beru.,
675 555 800 596 aliis:
841 569 998 610 easque
1030 559 1076 595 in
1103 554 1184 595 hoc
1213 556 1377 596 iudicio
1410 569 1501 596 esse
1530 570 1597 596 re-

141 638 314 674 citatas.
391 633 718 675 Demonstratio
761 632 840 673 illa
875 634 1007 674 Sestii
1045 632 1210 687 (huius)
1253 648 1337 674 non
1380 643 1480 689 apta
1516 643 1597 685 est,

140 727 271 767 quum
302 726 358 752 ex
394 712 563 752 Vatinii
598 725 782 766 persona
814 710 1016 766 loquatur
1048 720 1089 753 et
1130 711 1196 752 bis
1226 713 1313 753 iam
1345 714 1486 767 ipsum
1520 727 1597 753 no·

139 804 236 830 men
272 790 320 830 P.
362 790 494 830 Sestii
530 790 736 844 posuerit.
798 788 944 829 Huius
984 797 1127 829 autem
1171 804 1248 844 pro
1281 789 1360 829 hoc
1392 790 1596 845 frequens

140 876 205 907 est
242 869 283 907 in
321 867 563 907 Erfurtensi
606 868 667 919 (et
699 865 791 907 Pal.
825 869 870 916 0)
903 867 1131 918 mendum,
1176 875 1223 906 ut
1256 866 1391 907 multa
1433 868 1477 907 in
1515 867 1596 908 hae

139 953 182 985 et
213 944 313 985 aliis
347 944 569 985 nonnullis
600 942 895 994 orationibus,
947 957 1005 984 ex
1040 944 1294 999 compendio
1326 943 1438 986 male
1469 944 1597 985 intel-

136 1021 249 1063 lecto
284 1030 439 1062 ortum.
502 1021 624 1071 (vid.
654 1020 818 1063 VVund.
845 1022 1009 1076 praefat.
1034 1036 1076 1076 p.
1103 1021 1340 1063 XXXVII
1373 1031 1416 1063 et
1445 1022 1597 1064 lectio-

137 1113 215 1140 nes
246 1099 473 1140 adnotatas
508 1099 561 1139 ad
598 1101 621 1149 ᾗ
652 1101 706 1149 6,
744 1101 796 1149 9,
840 1101 918 1150 11,
961 1101 1036 1150 15,
1067 1101 1156 1151 20.)
1213 1099 1375 1141 Contra
1406 1100 1486 1141 leoc
1518 1116 1596 1156 pro

136 1176 264 1217 benus
296 1191 381 1217 non
416 1176 632 1216 scribitur.
699 1175 812 1217 Turn
857 1177 1009 1219 edunt:
1065 1176 1123 1218 Iu
1160 1191 1336 1233 quorum
1378 1179 1516 1219 allero
1552 1193 1597 1220 es

141 1254 364 1304 consessus
398 1263 504 1304 ete.,
548 1255 661 1309 quod
694 1255 889 1310 sequitur
929 1259 975 1295 iu
1017 1256 1171 1296 altero.
1242 1256 1407 1297 Verum
1442 1256 1594 1297 Cicero

140 1346 224 1372 non
256 1332 362 1372 duas
403 1345 471 1372 res
514 1332 777 1372 distinxerat
820 1334 1224 1384 commemorando,
1262 1334 1315 1374 ad
1359 1348 1464 1389 quas
1504 1334 1595 1376 haec

137 1411 290 1451 referri
318 1409 571 1465 singulatim
601 1418 794 1464 possent,
828 1411 903 1451 sed
934 1425 1066 1451 unum
1098 1410 1269 1452 Vatinii
1296 1414 1592 1453 testiinonium

137 1487 285 1541 plures
314 1496 459 1543 partes
494 1487 770 1540 complexum
805 1487 1147 1544 significaverat.
1225 1488 1375 1545 Itaque
1407 1505 1466 1530 ex
1498 1490 1593 1530 cod..

136 1566 274 1606 Paris.
306 1564 579 1605 scribendum
621 1574 708 1606 est:
749 1565 806 1605 In
843 1579 924 1621 qno
959 1567 1142 1607 alterum
1173 1580 1217 1607 es
1250 1567 1474 1617 confessus
1512 1576 1594 1609 etc.

137 1641 292 1683 Paullo
323 1644 464 1683 minus
498 1650 696 1684 accurate
730 1642 923 1684 membra
959 1642 1042 1683 sibi
1075 1645 1362 1699 respondent,
1411 1660 1595 1700 quorum

138 1721 249 1760 ratio
280 1719 580 1774 intelligetur,
612 1721 650 1759 si
678 1719 875 1771 pleniora
907 1720 997 1761 haec
1029 1722 1255 1764 extulero:
1309 1722 1367 1762 In
1398 1737 1479 1777 qno
1512 1723 1595 1763 dno

140 1800 392 1837 commisisti
419 1796 691 1849 imprudens,-
738 1797 921 1836 alterum
963 1804 1082 1849 erat‘,
1128 1799 1243 1853 qnod
1285 1800 1507 1849 cotffessus
1550 1814 1596 1841 es

139 1882 246 1925 etc.,
289 1886 349 1914 ex
379 1875 522 1914 altera
550 1879 679 1927 parte
707 1878 1041 1914 inconstantiam
1076 1881 1192 1916 ticam
1232 1876 1466 1927 refellisti,
1513 1883 1594 1918 cet.

258 1949 307 1992 C.
336 1953 388 2002 2,
417 1952 446 1992 5
478 1950 640 2006 legitur
670 1951 829 2007 vulgo:
875 1950 1224 2003 Defendebalnr,
1254 1953 1434 1995 testibus
1465 1956 1594 1995 colle-

133 2032 206 2083 gis
238 2032 351 2080 suis,
383 2042 469 2069 non
495 2029 718 2070 recitandi
748 2043 880 2070 causa
911 2031 1092 2084 legisse,
1137 2030 1215 2071 sed
1241 2033 1593 2086 recognoscendi.

139 2106 223 2148 Sed
258 2105 659 2156 defendo'rfecisse
691 2121 900 2162 nusquam
928 2107 1035 2148 alibi
1061 2107 1238 2164 legitur.
1303 2107 1485 2150 Codices
1518 2124 1593 2150 au-

136 2192 223 2225 tem
258 2184 402 2234 (Pan,
439 2183 592 2234 Bern.,
626 2185 736 2236 Erf.)
772 2184 954 2226 habent:
996 2199 1081 2226 non
1122 2199 1168 2226 se
1202 2187 1434 2227 recitandi.
1489 2187 1593 2228 Per-

138 2263 333 2317 spicuum
367 2270 432 2302 est
465 2263 624 2317 igitur,
671 2261 989 2311 defendebatur
1022 2272 1163 2304 ortum
1209 2278 1305 2305 esse
1340 2279 1396 2305 ex
1431 2279 1594 2320 praece-

137 2339 256 2379 denti
285 2338 525 2390 dicebatur,
557 2339 901 2395 legendumque:
932 2339 1227 2391 Defendebal,
1259 2340 1438 2382 testibus
1464 2343 1594 2383 colle-

132 2420 204 2471 gis
237 2420 352 2466 mis,
394 2429 479 2457 non
507 2429 554 2457 se
583 2418 805 2458 recitandi
831 2431 964 2459 causa
997 2419 1170 2472 legisse,
1201 2418 1245 2458 id
1290 2427 1379 2469 est,
1421 2420 1592 2461 dicebat

136 2495 181 2534 in
221 2494 501 2544 defensione,
542 2502 590 2534 ut
636 2495 682 2535 in
724 2496 853 2538 Verr.
893 2496 953 2548 V,
985 2498 1034 2547 9,
1071 2496 1127 2537 22
1163 2503 1206 2536 et
1243 2495 1302 2546 V,
1341 2498 1420 2548 13,
1464 2500 1520 2538 32
1551 2505 1593 2538 et

138 2568 246 2611 alibi
269 2572 324 2621 ¹).

163 2699 202 2738 ²)
232 2697 387 2730 Frustra
414 2706 567 2740 operam
591 2695 688 2730 sumi
714 2697 752 2732 in
781 2700 963 2744 explenda
985 2701 1144 2741 lacuna,
1170 2710 1248 2744 quae
1277 2702 1331 2734 est
1354 2698 1462 2735 initio
1488 2701 1594 2747 cupi-

230 2755 278 2790 tis
303 2756 475 2798 secundi,
512 2761 554 2791 ut
587 2757 669 2802 ipsa
702 2769 784 2801 res,
821 2762 1018 2806 complura
1046 2759 1253 2796 desiderari
1282 2763 1497 2805 ostendens,
1539 2762 1593 2798 ita

228 2826 327 2852 nunc
354 2817 572 2862 planissime
598 2819 828 2856 demonstrat
854 2822 967 2858 codex
992 2822 1078 2858 Par.
