1981 3390
422 265 526 313 ¹276

360 395 510 442 postea
545 385 596 426 ad
622 384 886 426 coloniarum
908 384 1161 427 Latinarum
1196 385 1491 427 condicionem
1520 385 1804 428 similitudine

357 463 504 518 aliqua
535 464 796 518 compositus
818 471 896 503 est.
960 464 1045 503 Sed
1065 463 1145 504 hoc
1176 463 1308 518 paulo
1338 463 1581 519 longiorem
1614 463 1806 518 disputa-

357 543 518 581 tionem
550 549 593 580 et
624 539 675 579 ad
708 540 940 589 inferiora,
973 553 1098 593 quam
1143 555 1235 595 quae
1280 540 1419 581 adhuc
1449 542 1695 596 attigimus,
1741 541 1808 580 rei

354 617 542 674 publicae
565 617 770 658 Romanae
804 624 998 670 tempora
1029 619 1358 658 descendentem
1389 617 1595 671 postulat.
1659 616 1805 666 Quum

356 709 508 736 omnes
543 702 709 733 veteres
741 692 909 732 Latinae
942 693 1121 734 colonioe
1151 694 1251 749 lege
1284 694 1397 734 Iulia
1431 694 1489 749 (a.
1520 694 1594 747 90)
1623 695 1666 734 in
1700 695 1806 735 civi-

355 779 487 812 tatem
521 770 761 811 Romanam
792 778 974 825 receptae
1009 780 1169 821 essent,
1198 772 1400 825 proximo
1428 785 1540 811 anno
1572 769 1650 811 Cn.
1677 771 1805 812 Pom-

352 850 477 904 peius
531 845 687 888 Strabo
744 846 895 887 consul
939 847 1040 903 lege
1097 847 1185 888 lata
1230 847 1389 902 oppida
1442 846 1610 902 aliquot
1648 846 1804 888 Galliae

354 925 679 980 Transpadanae
709 925 754 964 in
789 924 1057 966 coloniarum
1089 939 1246 966 nomen
1280 932 1322 965 ct
1354 926 1423 964 ius
1454 924 1673 974 traduxit,
1718 938 1806 965 non

350 1005 477 1044 novis
506 1001 671 1043 colonis
704 1002 922 1052 deductis,
972 1003 1048 1042 sed
1078 1003 1164 1053 ita,
1197 1010 1244 1042 ut
1274 1001 1495 1042 veteribus
1526 1001 1679 1042 incolis
1715 1015 1805 1042 ma-

350 1079 554 1121 nentibus
581 1081 649 1119 ius
683 1079 804 1119 daret
828 1078 961 1129 Latii,
994 1088 1041 1118 ut
1070 1080 1131 1119 ait
1161 1079 1378 1120 Asconius
1410 1079 1553 1128 (initio
1576 1086 1803 1119 comment.

350 1158 419 1198 ad.
453 1156 542 1198 Cic.
573 1164 681 1198 orat.
709 1158 756 1196 in
786 1156 950 1208 Pison.)
985 1162 1036 1196 nt
1068 1163 1247 1209 possent
1280 1155 1437 1196 habere
1466 1159 1556 1205 ius,
1599 1155 1714 1209 qnod
1737 1169 1805 1196 ce-

349 1241 455 1276 ierae
492 1234 670 1274 Latc'noe
714 1233 918 1282 comm,
971 1233 1021 1273 id
1063 1239 1152 1283 est,
1203 1239 1254 1273 ut
1290 1232 1483 1287 gerendo
1523 1236 1804 1285 magistratus

350 1316 570 1352 civilatem
596 1312 834 1351 Romanam
862 1309 1210 1363 admiscerentur
1232 1311 1290 1361 1).
1359 1308 1554 1349 Eandem
1581 1309 1670 1350 vim
1696 1310 1804 1350 iuris

349 1388 491 1439 Latii,
524 1403 602 1444 pro
631 1402 714 1443 quo
749 1388 876 1428 etiam
911 1386 1168 1441 simpliciter
1198 1385 1378 1426 Latium
1412 1386 1568 1426 dicitur
1602 1394 1646 1427 et
1677 1385 1805 1427 Lati-

349 1470 466 1506 nitas
487 1465 553 1519 2),
598 1465 824 1520 Appianas
856 1463 991 1517 (Bell.
1032 1463 1127 1504 Civ.
1161 1463 1229 1514 ΙΙ,
1273 1465 1347 1512 26)
1380 1471 1422 1503 et
1452 1461 1609 1504 Strabo
1643 1462 1729 1514 (IV
1760 1479 1803 1518 p.

349 1544 432 1584 187
448 1546 505 1593 a.)
538 1550 889 1593 commemorant,
920 1555 1101 1596 quorum
1132 1548 1274 1581 tamen
1306 1539 1416 1580 alter
1446 1539 1489 1579 id
1521 1540 1654 1590 addit,
1689 1540 1802 1594 quod

349 1629 478 1674 caput
512 1629 634 1670 erat,
673 1618 857 1659 liberam
893 1619 1081 1658 civitatis
1123 1619 1251 1658 sociae
1291 1617 1472 1657 formam
1490 1614 1547 1671 3).
1603 1616 1701 1658 Hoc
1733 1618 1803 1657 ius

348 1698 505 1739 deinde
536 1698 720 1753 primum
753 1697 808 1736 ad
850 1695 937 1736 alia
971 1695 1125 1749 oppida
1158 1697 1202 1735 in
1235 1694 1385 1735 eadem
1419 1695 1599 1748 regione
1631 1694 1802 1735 condita

350 1775 590 1820 traductum
622 1782 712 1825 est,
744 1782 792 1814 ut
825 1773 876 1814 ad
901 1772 1074 1814 Novum
1098 1771 1294 1822 Comum,
1326 1771 1439 1826 quod
1468 1769 1693 1823 Appianus
1723 1770 1802 1811 illo

348 1852 445 1893 loco
477 1853 695 1902 nominat,
740 1864 844 1892 mox
881 1850 968 1891 late
998 1865 1075 1906 per
1106 1850 1355 1905 provincias
1389 1861 1587 1903 sparsum
1627 1847 1682 1889 ab
1721 1849 1800 1890 im-

373 2029 409 2070 1)
435 2026 509 2060 L'bi
533 2026 695 2070 gerendo
723 2025 966 2069 magistratus
994 2023 1123 2068 posui,
1160 2024 1196 2057 in
1226 2024 1348 2070 prima
1377 2023 1539 2058 editione
1575 2026 1627 2056 est
1652 2022 1803 2066 petendi

434 2087 703 2130 magistratus,
740 2086 778 2119 in
819 2085 899 2119 edd.
938 2084 1174 2128 interpolatis
1209 2085 1358 2128 petendi
1388 2085 1630 2128 magistratus
1661 2083 1801 2128 gratia.

436 2148 513 2180 Res
539 2152 643 2180 certa
670 2151 725 2181 cst
750 2145 911 2190 Appiani
937 2148 972 2178 et
997 2145 1192 2179 Strabonis
1218 2145 1463 2186 testimoniis,
1501 2144 1635 2189 quibus
1658 2143 1802 2178 accedit

436 2207 651 2248 Ciceronis,
700 2207 745 2240 ad
781 2206 892 2240 Attic.
935 2207 979 2248 V,
1013 2207 1056 2240 11
1093 2207 1138 2241 de
1169 2206 1440 2241 Novocomensi
1475 2205 1593 2251 virgis
1623 2216 1713 2238 caeso
1748 2204 1801 2238 sic

434 2266 655 2300 scribentis:
695 2267 779 2299 Etsi
803 2267 866 2299 illc
891 2267 1151 2310 magistratum
1178 2279 1249 2300 non
1272 2271 1442 2310 gesserat
1467 2267 1530 2309 (ut
1558 2265 1648 2299 civis
1673 2264 1800 2307 esset),

437 2330 516 2359 erat
562 2330 680 2358 tamen
731 2326 1020 2369 Transpadanus
1069 2327 1160 2368 (hoc
1203 2331 1277 2367 est,
1322 2326 1498 2366 Latinus,
1543 2330 1585 2358 ut
1629 2325 1677 2357 ab
1719 2324 1799 2358 eius

433 2390 541 2430 tergo
570 2385 684 2429 virga:
724 2389 874 2418 remota:
913 2397 990 2419 esse
1020 2386 1199 2419 deberent
1225 2387 1310 2428 lcgc
1335 2384 1465 2425 Ιιίνίιις
1500 2383 1572 2417 vid.
1601 2384 1796 2419 Plutarch.

435 2447 476 2479 C.
506 2445 666 2479 Gracch.
695 2445 750 2488 9).

370 2508 409 2547 2)
442 2506 584 2539 Latium
613 2506 710 2549 apud
734 2505 932 2547 Tacitum,
972 2505 1137 2539 Plinium
1163 2504 1350 2538 Maiorem
1385 2509 1419 2539 ct
1445 2505 1630 2539 Minorem
1656 2507 1797 2550 (Panc—

434 2578 516 2612 gyr.
546 2566 633 2607 37),
675 2570 717 2599 ut
754 2565 906 2598 minime
942 2566 1058 2599 Gaius
1095 2565 1236 2610 primus
1277 2565 1380 2599 nobis
1417 2566 1464 2599 sit
1500 2565 1654 2600 Latinus
1687 2567 1798 2602 huius

434 2639 522 2661 usus
547 2631 700 2667 micton-3
733 2626 933 2665 Latinitas,
965 2627 1059 2669 quod
1087 2627 1132 2659 (lc
1153 2625 1414 2659 libertinorum
1442 2626 1684 2661 Iuninnorum
1711 2640 1799 2662 con-

432 2687 577 2721 dicione
609 2686 840 2730 frequentius
874 2686 1035 2727 dicitur,
1072 2687 1116 2719 de
1151 2686 1220 2719 illo
1255 2686 1337 2719 iure
1372 2686 1584 2719 civitatibus
1624 2698 1795 2722 concesso

433 2748 584 2793 ponitur
611 2747 708 2791 apud
737 2747 952 2779 Ciceronem
981 2752 1016 2780 et
1043 2746 1273 2780 Suetonium.
1333 2747 1412 2780 Vid.
1444 2748 1512 2780 lex.
1542 2747 1739 2781 Scltcllcri.

376 2812 409 2853 Ξ)
436 2806 503 2844 Ani
524 2806 560 2842 δὲ
585 2805 688 2842 τοῦτο
719 2803 790 2840 οὔδ’
815 2806 867 2841 ἐπὶ
897 2809 969 2841 τοῖς
993 2806 1177 2851 πράγμασι
1199 2805 1268 2841 τιὸν
1297 2806 1333 2841 ἐκ
1357 2804 1416 2851 τῆς
1439 2806 1567 2852 Ρώμης
1597 2807 1796 2855 στρατήγων

435 2869 501 2904 ἐστὶ
524 2867 561 2904 τὸ
583 2869 688 2902 ἔθνος
706 2866 819 2902 τοῦτο.
868 2868 919 2901 Dc
947 2869 1132 2903 Nemauso
1159 2869 1195 2903 in
1223 2868 1349 2903 Gallia
1377 2868 1552 2913 loquitur.
