1981 3390
431 189 499 238 60

484 311 620 353 Poeta
652 310 868 352 rhetorem
897 310 1158 367 alloquitur,
1191 325 1318 367 quem
1343 311 1492 353 schola
1529 313 1610 353 vix
1647 311 1736 353 alat
1751 314 1807 363 ²),

366 402 551 445 eumque
593 389 738 439 iubet,
780 396 944 429 mutata
977 397 1095 439 arte,
1137 397 1303 449 tentare
1333 392 1438 440 (non
1468 389 1724 445 quaerendo,
1762 398 1810 429 ut

366 465 602 521 Rupertius
628 467 826 521 exponit,
855 466 931 505 sed
955 467 1254 520 experimento
1281 471 1441 522 capto),
1473 468 1625 523 quanti
1652 479 1810 521 pueros

367 544 551 585 doceant
594 543 744 584 fidium
788 550 831 582 et
870 550 1044 593 cantuS,
1098 543 1252 584 vilium
1293 546 1449 585 artium
1485 544 1727 596 (Iuvenalis
1768 551 1812 584 et

367 623 638 662 severiorum
678 619 878 668 iudicio),
922 621 1143 674 magistri,
1201 620 1510 677 Chrysogonus
1560 630 1603 664 et
1652 621 1810 663 Pollio.

366 697 460 738 Iam
509 696 554 736 hi
600 710 684 751 quo
727 695 854 735 modo
899 704 1036 736 artem
1077 696 1301 737 Theodori
1349 684 1544 740 scindere
1598 700 1811 749 dicantur,

365 773 645 825 (Theodorus
676 773 791 813 enim
824 771 1049 814 Gadareus
1091 772 1356 814 clarissimus
1397 774 1481 814 fuit
1517 774 1691 823 rhetor;
1722 776 1810 816 vid.

368 851 518 906 Spald.
557 851 609 891 ad
635 849 820 899 Quintil.
851 849 944 901 III,
988 853 1038 901 1,
1083 853 1155 903 17)
1207 852 1315 892 adeo
1358 850 1588 893 obscurum
1633 860 1724 903 est,
1765 859 1813 892 ut

365 930 552 979 fuerint,
586 929 658 984 qui
689 926 1021 983 Chrysogonum
1053 937 1096 969 et
1132 929 1377 970 Pollionem
1410 931 1454 970 in
1486 929 1683 970 rhetores
1714 943 1814 970 con-

365 1014 613 1056 verterent,
662 1014 811 1046 contra
861 1006 1163 1049 cohaerentiam
1202 1006 1290 1050 loci
1330 1016 1373 1048 et
1409 1009 1547 1064 ipsius
1590 1006 1813 1048 Iuvenalis

366 1085 662 1125 testimonium
697 1082 805 1138 (VI,
837 1085 893 1125 74
927 1092 969 1124 et
997 1086 1126 1136 387),
1174 1100 1223 1126 ac
1261 1100 1314 1126 ne
1344 1087 1406 1126 sic
1437 1085 1610 1140 quidem
1643 1086 1813 1125 exitum

365 1164 630 1217 reperirent3
675 1176 773 1203 nam
807 1162 1004 1203 scindere
1045 1162 1307 1204 rhetoricam
1337 1163 1491 1203 volunt
1532 1177 1628 1203 esse
1667 1163 1813 1202 omnia

366 1241 545 1281 minima
578 1253 729 1278 mansa
759 1239 944 1289 tradere,
976 1241 1098 1280 cuius
1117 1238 1451 1295 significationis
1473 1239 1642 1280 nullum
1662 1252 1813 1280 exem-

365 1316 484 1372 plum
519 1314 695 1357 habent.
773 1314 978 1370 Plerique
1011 1323 1185 1368 tamen,
1228 1316 1340 1358 nihil
1372 1318 1417 1358 in
1447 1315 1696 1357 hominibus
1737 1330 1814 1358 no-

368 1402 537 1445 vantes,
569 1393 768 1434 scindere
795 1394 1137 1447 interpretantur
1168 1395 1371 1445 irridere,
1412 1403 1561 1436 eontra
1591 1408 1719 1436 usum
1748 1393 1814 1435 lo-

367 1472 550 1527 quendi,
603 1471 819 1511 sententia
865 1469 1087 1526 languida.
1169 1470 1331 1513 Cantor
1383 1474 1498 1513 enim
1541 1487 1626 1513 non
1672 1474 1813 1528 magis

367 1548 628 1591 rhetoricam
658 1547 835 1589 curabat
859 1557 902 1589 et
920 1548 1144 1600 irridebat,
1174 1564 1301 1616 quam
1323 1549 1433 1590 alias
1460 1558 1590 1591 artes.
1646 1549 1814 1592 Weber

367 1635 513 1668 autem
546 1626 745 1667 scindere
777 1640 872 1667 esse
916 1625 1010 1667 vult
1044 1626 1308 1677 dilacerare,
1356 1631 1617 1681 appr-tmere,
1659 1627 1812 1669 eodem

366 1706 592 1746 sententiae
622 1704 927 1759 incommodo,
953 1712 1020 1755 et,
1051 1705 1163 1759 quod
1196 1705 1445 1746 evitandum
1473 1703 1679 1760 putabat,
1726 1719 1813 1746 nou

366 1784 509 1824 minus
542 1782 767 1823 discedens
800 1781 853 1822 ab
880 1796 961 1823 usu
991 1784 1217 1824 sermonis.
1274 1782 1381 1824 Haec
1412 1784 1551 1823 omnis
1584 1781 1813 1823 difficultas

366 1860 569 1910 tollitur,
605 1861 670 1910 si,
713 1862 908 1901 oratione
949 1861 993 1900 in
1033 1874 1195 1901 caesura
1233 1869 1331 1916 post
1369 1874 1529 1915 pueros·
1569 1862 1812 1911 insistente,

365 1939 643 1994 participium
686 1952 773 1979 non
814 1951 911 1980 cum
954 1939 1199 1992 proximis,
1238 1939 1314 1980 sed
1358 1953 1452 1980 cum
1498 1953 1550 1979 eo
1602 1938 1812 1989 subiecto,

392 2131 432 2176 1)
457 2133 581 2176 Vulgo
606 2142 736 2165 versus
769 2130 984 2175 superiores
1018 2130 1104 2165 inde
1139 2132 1186 2165 ab
1221 2131 1290 2167 166
1323 2131 1542 2176 intelligunt
1575 2131 1621 2165 de
1645 2131 1810 2171 rhetore,

459 2192 522 2236 qui
547 2192 715 2225 scholam
741 2192 936 2235 reliquerit
961 2196 997 2225 et
1022 2192 1249 2226 caussidicus
1275 2193 1395 2226 sactus
1430 2192 1490 2225 sit.
1549 2193 1688 2225 Verum
1713 2192 1811 2225 nihil

459 2252 618 2294 «licitur,
667 2263 733 2286 eur
767 2252 804 2284 in
839 2252 911 2285 hoc
939 2263 1034 2285 novo
1069 2251 1150 2285 vitae
1183 2264 1321 2297 genere
1354 2264 1425 2286 non
1453 2257 1617 2288 maneat.
1679 2254 1812 2298 Itaque

458 2315 599 2348 haerent
624 2317 688 2348 aut
712 2313 854 2346 hoererc
880 2313 1028 2354 debent,
1055 2323 1100 2346 nc
1124 2313 1201 2348 alia
1227 2311 1529 2355 commemorem‘,
1558 2313 1595 2347 in
1625 2313 1813 2358 particula

459 2377 560 2419 Ergo
586 2385 620 2408 v.
651 2374 739 2415 171,
776 2374 820 2406 de
846 2384 918 2418 qua
944 2374 1168 2419 Rupertins:
1206 2375 1322 2419 ”crgo
1356 2375 1424 2408 has
1461 2375 1507 2408 ob
1548 2385 1701 2416 causas,
1738 2375 1811 2409 nisi

460 2435 585 2482 potius
612 2434 752 2467 (lictum
780 2445 846 2478 pro
876 2435 1051 2468 enimvero
1079 2440 1145 2470 aut
1172 2437 1376 2481 proseet0.”
1425 2437 1509 2469 Hoc
1535 2440 1589 2469 est
1612 2436 1728 2469 verba
1754 2435 1811 2470 in-

459 2495 683 2542 terpretari!
733 2495 921 2528 Iuvenalis
950 2497 1139 2531 rhetorem
1169 2497 1366 2537 describit,
1405 2508 1478 2531 nou
1505 2497 1641 2530 seholae
1667 2497 1811 2531 valedi-

458 2562 616 2597 eentem,
640 2556 726 2598 sed,
753 2560 793 2589 ut
817 2558 1025 2591 mercedem
1043 2558 1207 2592 debitam
1231 2570 1252 2592 a
1269 2563 1375 2603 patre
1391 2557 1565 2603 discipuli
1581 2562 1811 2603 extorque-nt,

457 2619 643 2655 actionem
669 2618 706 2651 in
733 2629 817 2652 eum
842 2617 1036 2653 instituere
1061 2623 1246 2653 eoactum.
1319 2620 1427 2664 Quod
1464 2619 1551 2664 quia
1578 2630 1727 2654 necesse
1750 2618 1809 2660 sit,

461 2682 615 2726 ipsaque
647 2690 810 2721 merces,
845 2691 922 2724 qum
958 2683 1061 2714 tanta
1098 2679 1273 2715 molestia
1308 2684 1472 2721 constet,
1503 2679 1660 2724 exigua,
1700 2684 1810 2723 poetu

459 2742 613 2783 suadet,
641 2744 680 2776 ut
705 2745 823 2775 artem
853 2740 989 2775 mittat.
1046 2741 1235 2785 Apparet,
1261 2740 1386 2775 omnia
1412 2741 1457 2774 dc
1483 2740 1634 2774 rhetore
1659 2740 1808 2775 schola·

458 2803 550 2838 :tiro
578 2802 661 2843 dici,
688 2813 759 2838 non
781 2801 995 2845 caussidico,
1024 2803 1091 2838 etsi
1117 2814 1222 2839 suam
1246 2803 1324 2848 ipsc
1354 2802 1458 2838 litem
1485 2800 1727 2847 persequitur.

1957 79 1964 114 ,-.„
1956 0 1960 68 *—
