1981 3390
369 233 468 281 400

305 353 436 394 miror
457 363 543 393 non
572 351 946 403 animadversum,
976 365 1030 392 ne
1054 350 1107 393 ab
1133 351 1293 394 Orellii
1323 352 1517 408 quidem;
1551 355 1625 409 qui
1651 364 1750 395 sunt

307 431 420 470 enim
457 428 524 469 illi
556 431 714 480 ceteri,
744 429 900 484 quibus
939 429 1121 470 facultas
1155 430 1411 471 defendendi
1440 431 1508 471 sui
1540 430 1687 480 detur,
1713 432 1753 471 si

308 505 504 547 Caelium
545 514 767 546 accusator
808 507 935 545 certis
973 503 1248 560 definitisque
1292 506 1543 548 criminibus
1575 521 1752 562 aggres-

307 597 379 623 sus
411 580 510 634 sitt)
545 590 587 621 et
619 581 835 625 soloecam
871 580 937 629 (in
961 579 1029 621 his
1053 582 1112 621 ad
1141 596 1186 622 se
1214 582 1529 632 defendendum
1545 586 1598 625 de
1618 583 1754 637 pluri-

307 659 413 708 bus,
457 658 569 713 quod
609 666 836 711 patronum
870 655 1030 697 habere
1073 657 1282 709 debebat,
1325 662 1398 714 qui
1437 660 1753 710 defendendam

307 735 562 789 gerundium
596 748 690 774 esse
723 733 930 784 doceret).
994 731 1176 774 Codices
1201 743 1400 789 quattuor
1416 737 1640 778 meliores:
1673 741 1753 776 aut

308 811 576 865 ‘impudentia
617 816 661 852 et
693 809 794 850 lcm‘c
834 809 1150 858 defendendum
1177 809 1448 860 facultatem
1489 811 1632 861 dabie,
1678 811 1756 852 alii

310 888 590 938 defendendi.
663 888 827 928 Sensus
860 895 1003 940 patet3
1045 887 1178 929 verba
1224 888 1366 928 minus
1405 887 1516 929 bene
1562 887 1756 929 Orellius

309 966 523 1014 restituit,
557 969 626 1011 el,
668 977 760 1018 quae
789 977 918 1004 causa
946 964 1028 1004 fuit
1059 964 1375 1019 interpolandi,
1408 964 1592 1006 licenter
1623 964 1667 1004 in
1699 962 1760 1004 ad

311 1050 475 1083 mutato
517 1049 559 1083 et
603 1041 857 1095 pronomine
903 1055 987 1081 non
1030 1049 1129 1093 apto
1175 1043 1318 1096 posito
1340 1042 1394 1093 ¹).
1461 1040 1554 1082 Nec
1586 1041 1757 1081 dativus

311 1117 464 1159 abesse
495 1125 653 1172 potest.
715 1117 902 1158 Videtur
932 1118 1065 1172 igitur
1097 1117 1398 1159 scribendum:
1432 1123 1510 1158 aut
1536 1116 1755 1171 impuden-

311 1199 377 1236 tia
406 1199 451 1235 ei
477 1198 548 1235 sm·
571 1191 1113 1243 defendendifacallalem
1132 1193 1266 1234 dabit.
1322 1194 1457 1235 Levis
1485 1202 1528 1235 et
1556 1193 1758 1247 frequens

313 1285 433 1312 error
467 1270 686 1324 archetypi
722 1270 787 1320 (et
811 1283 890 1324 pro
917 1272 976 1322 ei)
1009 1268 1155 1310 turbas
1184 1272 1405 1311 excitavit.

433 1346 538 1402 Cap.
568 1348 648 1396 21,
685 1347 742 1387 52
771 1345 977 1386 edebatur
1023 1361 1048 1386 a
1089 1346 1409 1401 superioribus:
1454 1346 1572 1387 Tune
1609 1356 1759 1385 aarum

314 1436 373 1465 ex
405 1427 593 1464 armario
624 1428 696 1463 tuo
728 1436 929 1477 promere
965 1437 1075 1464 ausa
1121 1425 1196 1464 es?
1246 1429 1348 1465 irene
1397 1423 1601 1465 Venerem
1638 1422 1759 1461 illam

314 1507 430 1542 laam
478 1501 769 1554 spoliatricem
813 1500 1003 1553 spoliare
1049 1502 1342 1541 ornamentis?
1398 1499 1592 1540 Ceterum
1634 1510 1759 1552 quum

314 1581 470 1627 scires,
508 1583 711 1631 quantum
753 1576 812 1616 ad
836 1575 1026 1625 facinus
1064 1590 1215 1616 aarum
1257 1575 1337 1617 hoc
1375 1580 1656 1630 quoereretnr,
1704 1572 1764 1613 ad

315 1666 459 1694 necem
486 1654 647 1707 legali,
688 1653 748 1692 acl
785 1652 841 1693 L.
879 1652 1077 1711 Lamalle}
1118 1656 1380 1693 sanctissimi
1417 1652 1600 1693 hominis
1634 1656 1762 1703 alque

315 1733 614 1783 integerrimi,
664 1729 800 1770 labem
852 1730 1028 1768 sceleris
1062 1735 1388 1783 sempiternam,
1435 1728 1536 1768 linic
1555 1727 1766 1776 facinori

316 1812 437 1847 tcmlo
482 1811 558 1845 {aa
613 1819 727 1855 mens
774 1805 969 1846 liberalis
1012 1809 1185 1846 conscia
1226 1827 1279 1836 —
1325 1819 1416 1846 esse
1469 1817 1554 1845 non
1602 1803 1762 1844 debuit.

315 1882 562 1924 Verborum
594 1883 787 1922 ordinem
822 1881 1016 1922 Orellius
1051 1883 1296 1923 immutavit
1338 1896 1396 1923 ex
1437 1882 1610 1935 optimis
1647 1881 1764 1921 codi-

318 1959 462 2008 cibus,
500 1967 545 1998 ut
576 1966 713 2000 esset:
745 1959 935 2012 spoliare
960 1963 1222 2000 ornamentis
1254 1960 1571 2014 spoliatricem,
1601 1959 1646 1998 in
1679 1971 1763 2012 quo

317 2045 461 2076 tamen
491 2034 697 2090 languide
732 2044 977 2077 extremum
1020 2035 1279 2077 vocabulum
1324 2036 1512 2077 adhaeret
1553 2043 1596 2076 et
1636 2036 1763 2076 nimis

317 2111 590 2153 indefinitum
622 2120 700 2153 est.
766 2113 851 2153 Sed
883 2114 1151 2168 apertissime
1181 2113 1433 2154 mendosum
1466 2121 1531 2153 est
1562 2118 1761 2161 ceterum,

319 2190 431 2245 quod
477 2204 602 2244 quam
646 2191 734 2230 vim
780 2188 985 2241 haberet,
1038 2192 1192 2231 mirum
1240 2182 1435 2244 profecto
1482 2198 1570 2240 est,
1624 2203 1763 2244 neque

320 2280 574 2320 quemquam
609 2267 814 2321 quaesisse
844 2281 998 2321 neque,
1028 2281 1074 2308 se
1106 2281 1191 2307 non
1221 2266 1485 2321 intelligere,
1520 2267 1763 2321 professum

320 2356 429 2382 esse.
493 2341 603 2382 Nam
649 2357 778 2396 quum
813 2352 956 2383 orator
999 2344 1339 2397 interrogatione
1380 2356 1536 2397 urgere
1568 2341 1765 2383 Clodiam

320 2419 605 2468 instituisset,
656 2432 750 2458 eam
791 2419 1086 2473 imperfectam
1116 2418 1321 2472 relinquit
1350 2431 1525 2470 prorsus
1557 2417 1765 2466 absurde3

322 2496 469 2551 quidni
495 2496 608 2535 enim
627 2493 781 2535 Clodia
810 2509 960 2535 aurum
990 2509 1048 2536 ex
1072 2495 1256 2536 armario
1290 2494 1532 2546 promeret?
1578 2493 1763 2546 Deinde,

351 2635 384 2674 ²)
415 2631 484 2664 llic
508 2631 643 2665 dicitur
668 2643 775 2673 reus,
802 2643 915 2676 quum
942 2642 964 2665 n.
989 2634 1147 2675 patrono
1174 2631 1471 2673 demonstratur,
1498 2642 1568 2665 non
1595 2632 1766 2667 nomina-

415 2696 498 2733 tur,
543 2692 602 2724 hic
637 2691 760 2725 addito
794 2690 944 2725 nomine
980 2691 1116 2735 uliquis
1153 2701 1173 2723 c
1199 2691 1460 2736 praesentibus3
1505 2692 1766 2727 {successario

418 2751 582 2796 ponitur,
607 2752 671 2786 ubi
694 2752 860 2786 refertur
885 2762 1088 2796 pronomen
1108 2752 1153 2786 ad
1178 2764 1374 2797 personum
1399 2752 1436 2786 in
1464 2752 1594 2787 eadem
1622 2757 1765 2788 senten-

415 2811 468 2845 tia
495 2811 743 2854 nominatum,
778 2815 818 2847 ut
843 2813 914 2847 hoc
937 2812 1019 2847 loco
1044 2813 1228 2858 praeccsoit
1254 2812 1372 2848 Caelii
1397 2823 1543 2848 nomeu.
