1981 3390
453 242 555 295 480

394 365 614 406 venticula
641 363 889 422 stominnm,
931 376 1021 418 qnae
1045 367 1197 419 postea
1233 365 1435 405 civitates
1464 368 1695 407 nominata
1723 371 1837 416 sunt,

393 449 480 484 inm
512 442 733 483 domicilla
767 444 1019 492 coniuncta,
1049 454 1155 496 quas
1187 439 1312 482 nrbes
1341 441 1545 494 dicimus,
1589 446 1764 484 invento
1797 447 1840 483 et

393 520 541 560 (livino
578 523 675 560 iure
714 523 759 558 et
796 517 1001 567 humano,
1051 517 1269 558 moenibus
1306 525 1571 573 saepserunt.
1647 519 1718 562 Ab
1759 519 1841 562 hac

393 598 603 648 scriptura
636 594 764 635 Bern.
794 602 835 633 et
869 594 932 635 St.
969 593 1086 633 vict.
1119 608 1204 634 non
1243 576 1509 650 discrepant,
1550 595 1625 638 sed
1666 597 1714 636 in
1748 595 1843 637 eod.

393 675 531 714 Paris.
576 672 731 722 (Herv.
772 669 937 725 Naug.)
983 677 1069 709 est:
1094 658 1096 660 V
1118 683 1186 710 res
1228 671 1287 710 ad
1319 685 1573 712 communem
1605 655 1840 713 utilitatem

396 754 676 798 continentes,
711 761 804 802 quae
831 748 1043 800 scriptura
1076 760 1127 786 eo
1160 748 1300 800 magis
1333 761 1411 787 nos
1442 748 1668 788 advertere
1697 748 1842 799 debet,

396 827 510 883 qnod
541 840 609 866 res
636 824 696 865 ad
726 836 981 865 communem
1009 824 1242 864 ulit-nutem
1275 838 1414 879 neque
1444 824 1600 865 Latine
1631 833 1673 864 et
1699 839 1842 879 gram-

395 906 551 945 matice
582 904 735 943 dicitur
757 902 795 954 ¹)
831 915 969 955 neque
1002 902 1260 941 sententiam
1291 903 1396 941 satis
1427 901 1648 942 definitam
1685 901 1841 950 habet;

396 993 664 1022 communem
708 980 821 1018 enim
864 977 1096 1018 utilitatem
1149 977 1295 1018 multae
1344 978 1529 1033 singulae
1579 993 1649 1020 res
1689 980 1842 1019 iuvare

394 1065 590 1113 possunt.
663 1055 813 1109 Itaque
856 1055 1066 1103 adducor,
1117 1062 1164 1094 ut
1211 1053 1482 1096 scribendum
1523 1064 1692 1108 putem:
1740 1055 1843 1097 Tum

395 1148 464 1175 res
498 1145 752 1173 communem
785 1133 1017 1172 utilitatem
1052 1135 1342 1182 continentes,
1374 1133 1732 1186 quemadmodum
1763 1131 1843 1173 Al-

396 1213 499 1262 dus,
531 1209 795 1260 Lambinus,
838 1207 913 1249 alii
944 1207 1194 1258 ediderunt,
1242 1215 1433 1249 veterem
1467 1208 1654 1263 aliquam
1691 1209 1843 1249 editio-

396 1302 494 1329 nem
527 1287 689 1336 secuti,
733 1287 777 1325 in
812 1300 938 1340 quam
976 1284 1068 1326 haec
1096 1286 1307 1338 scriptura
1339 1299 1399 1325 ex
1429 1285 1575 1340 aliquo
1606 1287 1753 1341 primae
1781 1285 1844 1325 fa-

398 1365 528 1406 milite
547 1363 708 1413 codice,
739 1371 787 1402 ut
813 1362 922 1403 alias
951 1363 1156 1418 quasdam
1175 1363 1378 1412 vidimus,
1408 1364 1605 1417 pervenit
1624 1371 1666 1403 et
1689 1361 1844 1403 deinde

397 1449 589 1484 correcta
622 1448 686 1480 est
704 1438 762 1494 ²).
825 1437 919 1480 Nec
951 1447 1152 1494 apparet,
1187 1441 1259 1494 qui
1291 1439 1390 1479 addi
1423 1444 1692 1480 continentes
1719 1448 1845 1494 potu·

398 1521 506 1573 erit,
531 1517 605 1558 ubi
636 1515 694 1556 ad
721 1517 806 1556 iam
837 1516 1008 1557 adesset
1038 1517 1102 1571 (ut
1130 1526 1194 1557 est
1217 1519 1262 1557 in
1291 1517 1461 1570 Paris.).
1528 1516 1689 1557 Contra
1715 1529 1844 1571 quum

399 1596 458 1636 ud
488 1594 645 1649 aliquis
675 1593 935 1643 addidisset,
973 1594 1046 1647 qui
1086 1597 1352 1634 continentes
1389 1607 1466 1646 pro
1511 1607 1585 1643 eo,
1628 1592 1740 1648 quod
1779 1600 1845 1632 est

394 1676 685 1728 pertinentes,
717 1678 912 1724 caperet,
953 1671 1093 1709 omitti
1132 1670 1407 1725 participium
1447 1671 1602 1724 potuit.
1673 1669 1843 1710 Deinde

398 1758 539 1790 autem
568 1748 658 1788 haec
691 1749 832 1787 onmia
866 1747 1053 1802 pendent
1089 1746 1142 1787 ab
1174 1746 1290 1796 illis,
1320 1760 1413 1800 quae
1447 1754 1646 1786 extrema
1672 1754 1845 1786 senten-

398 1829 458 1868 tia
486 1817 627 1881 posita
658 1832 772 1873 sunt,
805 1823 1024 1864 maenibus
1056 1828 1307 1877 soepserunt‚
1339 1823 1568 1871 durissimo
1600 1831 1843 1878 zeugmate,

397 1919 480 1961 qua
510 1901 651 1957 figura
679 1900 739 1951 (id
773 1909 860 1949 est,
896 1915 978 1955 quo
1009 1902 1150 1941 minus
1185 1908 1382 1941 accurate
1412 1899 1616 1954 loquendi
1646 1902 1839 1955 genere)

398 1980 549 2021 Cicero
585 1979 833 2034 parcissime
866 1978 1024 2028 utitur,
1067 1991 1146 2018 nec
1181 1979 1404 2033 quisquam
1440 1979 1613 2018 omnino
1645 1978 1728 2018 nisi
1767 1978 1844 2027 ita,

398 2067 444 2099 ut
473 2072 550 2114 pro
589 2057 805 2097 communi
846 2054 979 2095 verbo
1020 2063 1194 2110 propter
1225 2063 1489 2110 postremum
1524 2054 1844 2095 substantivum

396 2143 530 2190 ponat
562 2132 751 2189 speciale
779 2141 972 2188 cognatae
1002 2130 1349 2187 significationis,
1379 2147 1438 2173 ex
1469 2147 1552 2187 quo
1584 2131 1689 2172 illud
1707 2130 1841 2186 'facile

398 2213 619 2259 eliciatur3
654 2211 765 2265 quod
798 2210 878 2251 hoc
908 2210 1004 2250 loco
1035 2211 1115 2250 vix
1143 2207 1237 2250 fieri
1260 2218 1416 2264 potest.
1482 2209 1710 2258 Quodnam
1729 2209 1843 2249 enim

399 2304 457 2330 ex
494 2288 572 2328 illo
614 2302 837 2328 commune
877 2285 1056 2327 verbum
1097 2295 1325 2341 cognatum
1359 2286 1459 2327 elici
1489 2295 1652 2342 potest,
1697 2294 1843 2341 aptum

400 2366 451 2406 ad
484 2364 748 2417 respublicas
778 2371 819 2402 et
853 2366 1075 2412 civitates,
1106 2377 1235 2416 quum
1270 2366 1509 2416 praesertim
1542 2377 1615 2404 eas
1648 2365 1740 2417 ipse
1772 2360 1842 2401 Ci-

400 2455 496 2483 cero
530 2440 582 2481 ab
610 2438 728 2480 urbis
761 2439 935 2479 notione
965 2437 1193 2492 seiungat2
1255 2437 1405 2493 Itaque
1437 2452 1551 2493 aegre
1580 2439 1690 2488 fero,
1719 2439 1842 2493 igno-

399 2533 495 2560 rare
529 2531 631 2568 nos,
674 2515 772 2570 quid
813 2515 894 2555 hoc
937 2513 1032 2555 loco
1064 2516 1110 2556 in
1144 2513 1448 2556 Gulielmianis
1490 2524 1532 2556 et
1570 2515 1841 2556 Gruterianis

401 2595 618 2638 codicibus
651 2593 803 2640 fuerit3
843 2606 941 2633 nam
975 2593 1012 2632 si
1043 2601 1282 2642 constaret,
1317 2593 1504 2634 codicem
1538 2593 1582 2634 S,
1619 2592 1734 2633 vict.
1766 2607 1841 2648 pro

425 2721 464 2762 1)
490 2718 602 2753 Aliud
629 2720 683 2751 eet
709 2727 785 2750 esse
809 2717 870 2756 ad,
898 2716 1002 2750 cuius
1028 2716 1227 2751 locutionis
1255 2717 1432 2762 exemplis
1459 2716 1685 2752 Garatonius
1710 2716 1837 2751 utitur.

425 2780 466 2823 2)
494 2777 646 2813 Codices
670 2777 839 2813 lacunosi
867 2776 1007 2823 corrigi
1032 2777 1153 2824 coepti
1178 2782 1284 2821 sunt,
1312 2778 1435 2814 deleto
1463 2778 1535 2818 ad,
1569 2778 1633 2815 sed
1657 2777 1839 2813 continen-

493 2843 545 2873 tes
572 2838 738 2875 additum
766 2849 839 2875 nou
869 2842 933 2874 est.
