1981 3390
438 215 502 263 74

371 337 562 393 quaedam
608 340 794 394 vestigia
837 341 1194 394 inveniebantur,
1239 346 1413 384 minime
1450 353 1585 384 totam
1615 358 1707 385 rem
1739 346 1814 385 de·

369 415 603 466 clai-antia,
645 415 908 471 significatio
942 419 1076 460 multo
1108 424 1321 476 apertior,
1364 430 1407 462 et
1437 437 1530 477 quae
1558 423 1612 462 de
1643 423 1736 477 ipsa
1765 437 1812 463 re

368 492 681 534 dubitationem
711 493 861 545 tollat,
907 496 948 535 in
993 497 1234 552 fragmento
1273 498 1496 540 Ciceronis
1535 499 1635 541 libri
1665 499 1730 541 IV
1759 500 1811 540 de

367 569 432 611 Re
462 570 665 621 Publica,
708 566 921 626 neglecta¹
953 582 1110 630 tamen*
1138 585 1180 616 et
1221 579 1368 618 nescio
1403 593 1485 634 quo
1518 593 1619 619 casu
1653 577 1706 618 ab
1740 579 1811 626 iis,

368 650 441 702 qui
471 648 549 688 hos
577 647 712 688 libros
754 651 1000 702 nuperrime
1033 651 1280 704 ediderunt,
1329 663 1371 695 et
1402 669 1426 695 a
1457 654 1726 707 Niebuhrio,
1754 654 1811 695 V.

367 724 450 776 CL,
481 724 722 765 obscurata.
785 724 854 766 De
885 737 938 767 ea
970 742 1017 767 re
1051 729 1260 770 nonnulla
1288 731 1501 773 disserere
1529 733 1719 788 placuit,
1753 747 1806 773 ne

366 817 486 844 error
515 805 679 844 recenti
711 805 890 845 invento
924 804 1073 846 illatus
1099 808 1384 849 inveterascat
1416 817 1459 849 et
1491 809 1627 860 alios,
1661 824 1808 865 quem-

366 881 595 922 admodum
644 883 730 922 iam
785 884 980 936 coepisse
1029 883 1299 936 videbimus,
1356 888 1522 942 gignat.
1600 886 1807 941 Intelligo

364 969 534 1010 autem,
560 974 638 1010 ea,
671 974 764 1015 quae
793 960 1088 1016 disputaturus
1120 977 1239 1014 sum,
1282 972 1325 1004 et
1365 965 1634 1019 evidentiora
1663 965 1809 1005 futura

363 1029 616 1088 fuisse,‘et,
649 1053 775 1092 quam
805 1040 894 1079 vim
921 1039 1131 1081 haberent
1164 1041 1216 1082 ad
1240 1041 1349 1082 alias
1383 1041 1510 1083 huius
1535 1043 1587 1083 de
1619 1044 1808 1098 equestri

362 1115 512 1155 ordine
556 1117 807 1170 quaestionis
854 1127 1024 1171 parteS‚
1078 1119 1232 1160 melius
1279 1121 1462 1175 perspici
1504 1122 1727 1176 potuisse,
1770 1122 1806 1159 si

363 1207 459 1233 cum
490 1194 696 1234 universa
728 1196 821 1235 eius
847 1195 931 1235 loci
961 1198 1236 1251 expositione
1270 1198 1497 1239 coniuncta
1529 1206 1696 1245 essent3
1729 1198 1804 1238 sed

364 1284 503 1325 neque
546 1278 709 1311 tantam
748 1286 840 1312 rem
887 1272 956 1312 hic
998 1274 1177 1328 aggredi
1216 1288 1393 1328 possum
1440 1289 1579 1330 neque
1621 1274 1807 1315 aliorum

359 1348 752 1403 disputationibus,
796 1363 888 1405 quae
922 1352 1097 1405 incertae
1130 1351 1237 1392 mihi
1264 1352 1489 1402 videntur,
1530 1353 1618 1400 uti;
1665 1366 1804 1407 neque

362 1428 476 1468 enim
517 1427 770 1480 dissimulo,
818 1437 865 1468 ut
906 1443 1004 1468 eum
1033 1431 1290 1480 nominem,
1335 1431 1456 1470 cuius
1496 1431 1711 1484 praecipue
1756 1432 1800 1471 iu

359 1513 547 1546 mentem
591 1507 737 1545 venire
780 1505 861 1545 hoc
893 1505 989 1546 loco
1022 1504 1174 1556 debet,
1209 1521 1284 1558 ea,
1320 1521 1412 1562 quae
1446 1505 1716 1548 Niebuhrius
1749 1509 1801 1548 de

359 1584 564 1625 centuriis
619 1583 809 1637 equitum
868 1585 1103 1638 antiquitus
1160 1584 1386 1640 descriptis
1438 1586 1643 1639 exposuit
1687 1584 1803 1625 Hist.

358 1661 481 1703 Rom.
516 1661 600 1701 vol.
633 1661 666 1702 Ι.
699 1675 741 1714 p.
776 1661 859 1700 449
890 1674 980 1716 sqq.
1012 1662 1078 1702 ed.
1112 1663 1179 1712 2.,
1222 1676 1307 1702 non
1340 1663 1444 1702 satis
1478 1662 1582 1703 mihi
1613 1661 1802 1717 probari.

359 1740 443 1781 Sed
476 1739 527 1779 de
564 1736 665 1788 his,
689 1739 725 1778 si
756 1739 927 1793 quando
957 1738 1192 1794 perficere,
1237 1753 1330 1795 quae
1370 1741 1564 1791 institui,
1603 1750 1801 1796 potuero,

358 1818 511 1858 dicam.
563 1815 675 1872 ,Hio-
708 1830 765 1856 ex
796 1818 875 1867 iis,
921 1830 1013 1872 quae
1052 1818 1140 1868 rei,
1186 1817 1238 1858 de
1273 1832 1355 1873 qua
1388 1820 1555 1873 agitur,
1601 1820 1800 1859 adiuncta

357 1903 507 1945 erunt,
551 1902 717 1934 tantum
761 1894 1006 1946 adsumam,
1058 1905 1264 1950 quantum
1298 1910 1474 1937 necesse
1509 1897 1611 1946 erit,
1666 1911 1798 1951 quan-

355 1983 530 2028 tumque
562 1969 810 2012 confirmari
845 1972 1034 2013 breviter
1069 1976 1242 2028 poterit.

477 2049 699 2090 Ciceronis
732 2049 833 2090 libri
863 2051 915 2091 de
949 2050 1012 2091 Re
1044 2050 1224 2092 Publica
1258 2053 1400 2107 quarti
1430 2051 1720 2107 fragmentum
1752 2053 1796 2092 in

355 2129 500 2169 codice
526 2127 740 2168 Vaticano
771 2129 831 2168 ita
863 2129 1036 2183 incipit:
1066 2132 1121 2149 ’Μ
1145 2133 1354 2184 gratiam.
1426 2128 1562 2176 Quam
1586 2130 1798 2170 commode

355 2206 526 2245 ordines
544 2205 763 2258 descripti,
797 2212 969 2254 oelales‚
1002 2207 1173 2255 classes,
1207 2210 1439 2260 equitatus,
1470 2210 1516 2246 ἰἰι
1538 2220 1619 2260 quo
1637 2206 1795 2256 suffra-

349 2287 430 2337 gia
456 2288 552 2323 smel
576 2287 703 2322 elmm
726 2288 927 2322 senatus:
959 2286 1084 2322 m'mz's
1107 2284 1250 2323 mullis
1275 2287 1360 2323 iam
1384 2284 1513 2323 stulte
1538 2282 1651 2323 hanc
1676 2285 1793 2324 ulc'lc‘-

353 2367 482 2401 talem-
519 2360 618 2400 tolle
648 2359 939 2413 qun'elelt‘buS,
981 2364 1057 2415 quc·
1091 2373 1241 2401 noram
1278 2361 1553 2415 largitionem
1597 2368 1792 2415 quaertml

354 2440 499 2493 aliquo
515 2436 745 2492 plebiscito
770 2438 1080 2480 reddendorum
1108 2451 1324 2493 equorum.
1384 2438 1500 2479 Hinc
1531 2440 1576 2479 in
1607 2439 1792 2495 indicem

352 2517 602 2558 historicum
631 2517 832 2557 editionis
864 2515 972 2557 Maii
1003 2531 1028 2557 a
1062 2514 1303 2557 Niebuhrio
1340 2516 1523 2557 relatum
1556 2526 1674 2558 recte
1708 2528 1793 2559 est:

350 2597 561 2636 ”Senatus
600 2596 810 2650 suffragia
838 2596 881 2636 in
913 2596 1103 2650 equitum
1136 2596 1340 2636 centuriis
1370 2596 1532 2636 erant.’‘
1589 2594 1789 2636 Ceterum

353 2673 458 2714 nihil
494 2674 732 2728 quisquam,
768 2672 878 2729 quod
909 2675 1056 2724 sciam,
1088 2674 1141 2715 ad
1173 2688 1264 2714 rem
1295 2672 1598 2713 declarandam
1631 2671 1790 2721 attulit,

352 2759 431 2793 noc
474 2751 648 2808 largitio
691 2766 898 2808 equorum
939 2752 1250 2793 reddendorum
1293 2751 1435 2807 qualis
1466 2758 1604 2800 esset,
1644 2748 1787 2790 Maius

352 2832 455 2871 satis
491 2831 727 2887 expedivit.
798 2830 1029 2872 interiecto
1062 2830 1214 2871 deinde
1248 2837 1463 2884 tempore,
1494 2841 1621 2884 quum
1653 2827 1787 2868 {loin-
