1981 3390
410 266 508 315 272

341 388 436 428 nias
476 385 655 426 Latinas
691 380 924 425 transtulit.
991 381 1142 440 Itaque
1183 382 1237 424 iis
1277 388 1320 424 et
1358 381 1546 424 civitatis
1575 378 1781 423 Ro‘manae

341 477 482 513 usum,
511 463 549 502 si
577 461 757 502 Romam
788 463 1061 515 migrassent,
1090 460 1254 511 tribuit,
1283 469 1397 502 certe
1430 459 1589 514 privati
1621 458 1782 498 civium

342 541 473 589 iuris,
519 547 561 579 et
599 537 860 578 connubium
905 550 1000 576 cum
1042 536 1234 587 civibus,
1274 537 1443 577 etiamsi
1484 535 1666 576 Romam
1698 547 1785 573 non

345 619 604 671 migrassent
629 614 762 663 (Hist.
787 613 911 653 Rom:
923 611 981 661 II,
1011 613 1066 651 88
1091 615 1201 666 sqq.)
1223 614 1278 662 ι).
1342 612 1391 652 In
1418 626 1501 666 quo
1526 613 1680 651 mirum
1705 617 1785 659 est,

345 695 486 734 virum
526 700 612 730 tam
645 697 817 729 acutum
858 699 944 726 non
988 688 1370 738 animadvertisse,
1416 696 1552 728 totum
1592 686 1703 727 illud
1732 686 1786 726 de

347 768 604 822 migratione
635 764 947 805 alienissimum
978 776 1074 802 esse
1102 778 1126 802 a
1151 762 1356 803 Romanis
1388 765 1612 804 institutis.
1674 761 1788 804 Nam

348 844 651 885 commercium
674 842 767 881 sive
789 839 973 888 facultas
1002 854 1118 880 nexa
1147 841 1240 879 iure
1265 839 1501 888 Quiritium
1529 839 1717 880 faciendi
1744 840 1790 878 in

347 921 544 976 personis
575 916 781 968 haerebat,
811 931 895 957 non
924 918 967 956 in
997 916 1133 965 locis3
1166 930 1244 957 nec
1278 917 1364 971 qui,
1393 925 1442 956 ut
1472 916 1554 957 hoc
1586 913 1790 970 exemplo

348 1006 460 1048 utar,
492 996 617 1036 heres
640 995 748 1035 civis
769 993 1140 1040 Romanijnstitui
1174 1001 1385 1047 potuerat,
1415 993 1617 1047 quamdiu
1645 992 1793 1033 Romae

352 1072 597 1120 habitabat,
637 1073 778 1111 minus
809 1077 1002 1123 poterat,
1048 1083 1177 1124 quum
1211 1069 1474 1109 domicilium
1505 1067 1610 1109 alibi
1639 1081 1794 1122 posue·

353 1158 434 1190 rat.
492 1148 576 1189 Sed
608 1146 772 1187 nullam
800 1145 1045 1185 huiusmodi
1073 1145 1241 1185 Latinis
1272 1145 1414 1186 datam
1443 1146 1578 1185 fuisse
1607 1145 1796 1185 civitatis

351 1226 557 1267 Romanae
592 1224 934 1277 possessionem,
979 1230 1026 1260 ut
1059 1222 1352 1262 tantummodo
1393 1235 1496 1262 usus
1529 1223 1622 1261 eius
1652 1221 1798 1261 condi-

355 1304 477 1342 cione
511 1300 656 1353 aliqua
689 1306 814 1338 certoe
843 1296 1123 1337 habitationis
1157 1298 1519 1352 adstringeretur,
1550 1298 1655 1336 satis
1679 1304 1799 1351 patet

354 1391 412 1417 ex
453 1391 531 1426 eo,
584 1374 696 1429 quod
741 1389 779 1413 a.
817 1375 899 1413 187
935 1372 1083 1413 Latini
1116 1372 1290 1428 populi,
1331 1372 1484 1428 quibus
1524 1373 1797 1414 decrescente

357 1455 518 1493 civium
558 1451 833 1492 multitudine
875 1449 984 1490 nihil
1033 1449 1332 1490 remittebatur
1376 1464 1432 1490 ex
1478 1451 1558 1501 iis,
1603 1463 1696 1505 quae
1738 1462 1800 1489 ex

357 1528 544 1569 formula
572 1528 804 1568 foedereve
831 1527 1072 1581 praestanda
1105 1535 1241 1576 erant,
1271 1541 1373 1567 suos
1395 1528 1528 1576 cives,
1559 1527 1632 1581 qui
1652 1526 1799 1567 Romae

358 1619 436 1660 per
474 1604 668 1644 fraudem
707 1605 751 1644 in
788 1617 962 1643 censum
1005 1605 1290 1658 irrepserant,
1330 1605 1595 1658 repetierunt
1637 1611 1706 1652 et,
1753 1610 1801 1641 ut

357 1682 563 1732 redirent,
594 1680 872 1721 obtinuerunt
902 1679 1019 1729 (Liv.
1035 1680 1267 1730 XXXIX,
1295 1681 1354 1729 3),
1385 1688 1620 1734 posteaque
1643 1679 1802 1732 saepius

358 1760 465 1799 socii
509 1766 552 1798 et
589 1757 736 1798 Latini
785 1757 924 1798 Roma
967 1758 1091 1797 exire
1131 1757 1240 1796 iussi
1278 1764 1377 1796 sunt
1422 1754 1531 1805 (Cic.
1570 1769 1649 1809 pro
1689 1756 1802 1797 Sest-

359 1837 427 1886 13,
456 1836 524 1885 30,
557 1833 656 1874 coll.
689 1834 741 1874 de
775 1831 901 1874 offic.
929 1831 1011 1883 ΙΙΙ,
1045 1835 1111 1882 11,
1141 1834 1228 1882 47),
1260 1841 1326 1883 et,
1356 1833 1429 1887 qui
1456 1846 1511 1872 ex
1547 1833 1600 1872 iis
1632 1846 1711 1886 pro
1744 1832 1804 1872 ci-

360 1910 488 1951 vibus
518 1925 564 1951 se
594 1919 845 1965 gesserant,
889 1911 932 1949 in
963 1923 1063 1949 suas
1096 1910 1293 1949 civitates
1324 1909 1485 1949 redacti
1518 1916 1641 1958 sunt,
1682 1907 1805 1948 velut

361 1989 588 2027 notissima
619 1986 696 2028 illa
726 1985 825 2042 lege
852 1985 1022 2027 Licinia
1051 1984 1198 2026 Mucia
1232 1985 1289 2041 (a.
1315 1986 1413 2038 95),
1456 1999 1539 2040 qua
1570 1983 1625 2025 T.
1652 1983 1806 2025 Matri-

363 2066 476 2115 nius,
511 2078 637 2119 quem
665 2078 724 2103 ex
749 2063 920 2103 colonia
947 2049 1118 2103 Latina'
1139 2062 1334 2116 Spoletio
1367 2063 1541 2102 civitate
1574 2060 1622 2102 C.
1639 2059 1806 2103 Marius

365 2142 559 2191 donarat,
586 2148 811 2181 accusatus
831 2149 910 2190 est,
942 2154 1071 2194 quum
1104 2138 1236 2179 Marii
1268 2137 1524 2179 beneficium
1553 2140 1598 2179 in
1630 2137 1807 2179 dubium

364 2226 564 2258 vocatum
606 2225 734 2257 esset.
809 2216 954 2271 Atque
997 2216 1110 2266 haec,
1157 2229 1247 2271 quae
1286 2224 1385 2256 sunt
1425 2216 1674 2266 notissima,
1721 2228 1807 2255 non

368 2308 628 2347 opponerem
660 2292 928 2343 Niebuhrim
974 2295 1059 2333 nisi
1095 2294 1132 2332 is
1173 2307 1308 2347 usque
1353 2292 1406 2332 ad
1446 2293 1664 2333 civitatem
1707 2290 1807 2346 lege

393 2424 429 2463 ¹)
456 2421 581 2454 Minus
607 2419 811 2464 peritorum
838 2430 948 2453 causa
975 2420 1131 2453 sortasse
1167 2431 1239 2453 non
1273 2419 1457 2453 inutiliter
1493 2419 1724 2460 addiderim,
1760 2423 1809 2461 et,

457 2480 519 2524 qui
546 2479 811 2513 commercium
836 2479 918 2512 iure
944 2479 1147 2523 Quiritium
1172 2489 1244 2513 non
1272 2479 1451 2521 haberet,
1478 2484 1600 2513 tamen
1629 2485 1665 2514 et
1689 2480 1811 2514 multa

454 2540 553 2573 inter
592 2539 690 2573 cives
728 2539 914 2584 possidere
945 2539 1107 2583 potuisse
1145 2544 1180 2573 et
1215 2539 1367 2584 negotia
1397 2540 1514 2574 omnis
1547 2540 1696 2584 generis
1724 2551 1810 2574 cum

458 2599 503 2633 iis
530 2600 774 2640 contrahere,
801 2604 842 2632 ut
876 2604 1003 2643 postea
1029 2600 1218 2644 peregrini
1242 2599 1490 2644 provinciales
1515 2600 1726 2642 faciebant,
1761 2604 1810 2642 et,

463 2660 561 2693 inter
586 2670 676 2703 quos
709 2659 935 2693 connubium
971 2672 1042 2693 non
1078 2665 1193 2701 essct,
1231 2671 1359 2693 eorum
1394 2660 1542 2704 nuptias
1575 2665 1699 2695 tamen
1733 2671 1811 2694 esse

461 2719 645 2765 potuisse,
684 2719 752 2753 etsi
780 2719 861 2752 iure
901 2730 972 2754 non
1000 2721 1195 2762 valcrent3
1234 2732 1282 2754 ca:
1315 2725 1437 2754 tamen
1465 2720 1660 2754 rarissimae
1685 2731 1811 2753 ncces-

433 2802 437 2806 ·
459 2780 559 2813 sario
586 2784 691 2813 crant
718 2791 788 2813 nou
815 2780 937 2813 solum
974 2781 1020 2812 ob
1055 2781 1148 2814 alias
1174 2790 1325 2822 causas,
1361 2782 1423 2814 scd
1451 2782 1497 2815 ob
1522 2780 1613 2814 iuris
1638 2780 1751 2826 patrii
1776 2783 1812 2815 et

460 2839 676 2875 hereditatis
703 2845 738 2876 ct
760 2840 923 2875 universi
947 2840 1098 2876 familia:
1123 2845 1240 2876 status
1266 2842 1596 2886 perturbationem.
