1981 3390
406 259 506 307 270

459 377 628 418 Latinae
659 374 808 431 populi
846 373 1030 416 Romani
1072 372 1251 416 coloniae
1282 371 1380 428 lege
1415 371 1503 414 lata
1534 386 1559 413 a
1589 373 1783 414 triumvi-

337 457 400 497 ris
439 453 672 503 Romanis,
713 451 870 507 quibus
909 452 1135 506 imperium
1179 449 1361 490 dabatur
1400 450 1518 504 (Liv.
1552 449 1780 500 XXXIV,

341 532 435 584 53),
477 528 796 570 deducebantur
842 535 884 567 et
928 527 1375 577 constituebanturl).
1451 527 1536 567 Sed
1569 527 1613 566 in
1645 528 1698 566 iis
1730 525 1782 566 ab

342 609 467 648 initio
500 607 542 645 id
575 613 814 659 spectatum
853 603 1049 652 videtur,
1090 612 1136 642 ut
1168 617 1252 643 non
1282 603 1482 656 praesidia
1515 610 1679 643 tantum
1707 603 1786 642 im·-

340 685 483 738 posita
513 679 680 735 oppidis
725 687 893 728 essent,
932 679 1007 718 sed
1039 692 1161 718 novae
1196 680 1416 728 civitates,
1457 692 1549 733 quae
1581 677 1786 718 florentes

344 768 386 799 et
417 770 646 798 numerosa
687 755 840 795 subole
871 762 1005 794 auctae
1036 755 1263 808 imperium
1295 756 1478 808 pecunia
1508 762 1550 794 et
1569 753 1786 794 militibus

343 835 495 874 iuvare
547 841 738 887 possent.
816 832 969 872 Livius
1023 829 1252 886 (XXVII,
1295 827 1340 884 9)
1389 831 1535 884 stirpis
1579 831 1786 885 augendae

343 925 473 952 causa
508 911 659 951 missas
692 910 808 949 dicit.
886 907 1036 962 Itaque
1076 902 1186 956 non,
1223 915 1271 946 ut
1309 907 1353 946 in
1381 906 1597 946 Romanas
1628 905 1789 961 pleras-

344 1003 452 1043 que,
484 988 672 1041 exiguus
706 985 955 1026 colonorum
991 996 1220 1032 numerus,
1269 983 1346 1022 sed
1373 997 1531 1036 magna
1560 982 1788 1024 multitudo

344 1065 457 1104 mitti
489 1062 672 1103 solebat.
749 1060 877 1102 Cales
912 1075 950 1101 a.
981 1062 1065 1100 2336
1095 1060 1178 1101 duo
1210 1058 1348 1100 millia
1391 1067 1434 1100 et
1465 1061 1690 1115 quingenti
1719 1074 1790 1100 eo-

395 1303 399 1307 *
438 1298 517 1332 quae
539 1287 674 1321 Latina
702 1287 850 1327 fuerat3
891 1285 999 1319 Cales
1026 1285 1156 1319 Cicero
1182 1284 1427 1330 municipium
1453 1284 1619 1320 nominat
1645 1285 1689 1318 de
1714 1284 1789 1330 leg.

434 1358 560 1392 agrar.
587 1348 644 1387 11,
667 1346 735 1387 31;
762 1345 928 1379 Thurios
955 1344 1075 1378 Caesar
1100 1347 1165 1389 (dc
1190 1347 1234 1380 Β.
1263 1346 1303 1379 C.
1330 1346 1405 1387 111,
1439 1345 1526 1388 22),
1553 1356 1631 1389 quae
1658 1343 1792 1378 Latina

435 1408 564 1439 fuerat
585 1406 754 1446 colonia,
789 1417 824 1440 a.
855 1406 924 1439 194
947 1405 1104 1439 deducta
1131 1405 1226 1446 (Liv.
1255 1405 1424 1447 XXXIV,
1451 1405 1538 1448 53);
1572 1405 1702 1438 Festus
1727 1405 1793 1437 ‹le-

435 1466 548 1510 nique
574 1465 671 1499 inter
696 1466 866 1509 exempla
891 1465 1181 1509 municipiorum
1209 1465 1377 1510 vulgaris
1403 1465 1549 1510 generis
1585 1463 1690 1509 ponit
1716 1465 1793 1497 Bo·

439 1526 615 1566 uoniam,
653 1525 906 1566 Placentiam,
941 1526 1103 1569 Nepete,
1144 1525 1335 1566 Sutrium,
1374 1536 1453 1569 quae
1487 1535 1613 1557 omnes
1639 1523 1791 1556 coloniae

435 1586 576 1619 Latinae
610 1585 773 1617 fuerant.
838 1584 1092 1618 Brundusium
1130 1586 1259 1618 Cicero
1298 1596 1365 1629 pro
1402 1585 1499 1618 Sest.
1534 1583 1580 1618 63
1605 1583 1791 1617 coloniam

437 1644 667 1689 appellavit,
705 1644 802 1687 quod
830 1644 946 1685 diem,
976 1643 1038 1687 qui
1064 1644 1141 1677 eius
1168 1643 1302 1679 natalis
1330 1648 1433 1682 erat,
1461 1644 1791 1684 commemorabat,

436 1710 474 1739 ct
500 1705 544 1738 dc
570 1704 653 1737 Nat.
682 1704 793 1738 Deor.
827 1703 911 1744 11[‚‘
942 1703 987 1736 19
1024 1703 1186 1736 Circeios
1223 1704 1361 1745 (coloni
1389 1704 1507 1736 nostri
1542 1703 1792 1746 Circeienses).

437 1766 576 1798 Contra
604 1762 668 1796 ubi
704 1762 841 1796 civium
868 1763 1055 1796 coloniam
1079 1762 1323 1807 municipium
1363 1762 1587 1808 appellarit,
1622 1774 1694 1795 nou
1731 1773 1791 1795 re-

438 1817 566 1870 perio}
603 1833 690 1857 nam
713 1834 780 1866 pro
804 1824 933 1856 Plane.
959 1823 1004 1863 9,
1045 1823 1175 1867 positis
1202 1835 1285 1857 cum
1312 1829 1524 1868 contemptu
1549 1822 1663 1855 trium
1687 1822 1816 1867 cmii--

436 1886 612 1918 dulorum
639 1882 848 1915 nominibus
876 1882 1141 1925 (Laficorum,
1178 1882 1407 1925 Cubiorum,
1443 1882 1722 1924 Boi-illarum),
1749 1894 1792 1916 ex

440 1945 572 1990 quibus
599 1944 671 1975 duo
698 1942 901 1986 municipia
931 1946 1054 1983 erant,
1097 1954 1216 1987 opcrae
1255 1944 1419 1988 pretium
1447 1954 1520 1976 non
1554 1942 1701 1987 putavit
1727 1953 1793 1987 gc-

397 2027 401 2030 -
436 2015 527 2037 nera
553 2002 800 2046 distinguere,
828 2002 998 2046 idemque
1034 2003 1122 2036 fecit
1153 2004 1310 2037 sortasse
1334 2004 1447 2048 paulo
1474 2006 1583 2043 ante,
1624 2002 1793 2035 Casinum

435 2063 534 2097 inter
559 2063 669 2106 plura
694 2061 895 2106 municipia
921 2058 1070 2106 pon'ens.
1121 2063 1253 2107 Itaque
1273 2063 1334 2097 vel
1361 2075 1403 2096 ex
1423 2062 1616 2107 municipii
1645 2061 1794 2095 nomine

436 2124 535 2168 apud
561 2122 636 2156 Cic.
665 2123 768 2155 verr.
798 2123 840 2163 V,
867 2122 934 2161 16,
960 2123 1006 2156 40
1032 2127 1111 2157 tuto
1138 2123 1393 2164 concluditur,
1419 2123 1601 2157 Vibonem
1620 2121 1793 2155 Latinam

440 2183 555 2216 fuisse
581 2181 789 2223 coloniam,
827 2181 894 2214 etsi
931 2182 1057 2216 Livius
1092 2183 1128 2216 id
1165 2195 1237 2217 non
1264 2183 1351 2217 dicit
1375 2183 1569 2226 (XXXV,
1594 2183 1668 2226 40).
1720 2183 1793 2218 Sed

439 2242 632 2282 Asconius,
659 2247 695 2274 et
707 2243 833 2274 doctus
848 2247 883 2275 et
904 2249 1100 2277 accuratus
1125 2244 1250 2284 homo,
1279 2243 1314 2276 in
1336 2243 1441 2277 initio
1466 2241 1722 2276 commentarii
1746 2242 1792 2275 ad

440 2301 516 2335 Cic.
559 2305 654 2335 orat.
692 2301 729 2334 in
767 2301 890 2334 Pison.
927 2303 1041 2336 valde
1075 2303 1255 2343 miratur,
1293 2314 1358 2335 cur
1397 2303 1526 2335 Cicero
1560 2302 1792 2335 Placentiam

440 2360 687 2403 municipium
713 2361 899 2404 appellet,
933 2372 1046 2403 quum
1081 2366 1175 2394 esset
1201 2361 1371 2401 colonin3
1410 2362 1535 2394 suerat
1564 2366 1690 2395 autem
1719 2363 1790 2395 La-

437 2420 525 2454 tina.
575 2421 691 2453 Rcctc
716 2420 831 2464 igitur
864 2419 1010 2452 Asconii
1041 2431 1205 2453 errorem
1234 2425 1362 2454 notant
1388 2420 1614 2454 Garatonius
1641 2426 1676 2454 et
1703 2421 1792 2455 Nic-

439 2478 598 2513 buhrius
625 2479 742 2522 (nist.
771 2480 878 2512 Rom.
908 2479 941 2511 ll
968 2492 1000 2523 p.
1020 2478 1083 2521 2),
1111 2491 1218 2524 quem
1246 2485 1367 2514 tamen
1395 2484 1431 2513 in
1458 2481 1602 2524 reliqua
1628 2493 1669 2514 re
1693 2483 1793 2515 male

440 2538 640 2573 Aeconium
665 2539 949 2583 reprehendere,
977 2539 1076 2573 infra
1102 2541 1254 2584 patebit.
1303 2542 1370 2574 Vel
1398 2542 1480 2582 hoc,
1509 2541 1538 2574 si
1568 2553 1658 2585 opus
1687 2548 1791 2583 essct,

441 2599 537 2633 inter
563 2605 784 2644 argumenta
810 2600 896 2643 poni
926 2605 1067 2643 posset,
1099 2601 1195 2634 cives
1220 2601 1450 2634 coloniarum
1476 2601 1697 2646 suffragium
1723 2603 1792 2635 ha-

441 2659 588 2699 buisse,
624 2659 788 2704 alioquin
820 2660 914 2693 enim
943 2660 1054 2693 etium
1082 2661 1153 2694 illa:
1184 2662 1268 2706 lego
1297 2662 1391 2694 lulio
1417 2667 1516 2695 statu
1543 2667 1685 2695 mutato
1709 2674 1789 2695 mu-

441 2720 579 2764 nicipia
604 2720 704 2753 sacta
730 2724 859 2754 essent.

375 2781 411 2823 1)
438 2780 618 2824 Exempla
646 2781 743 2825 apud
775 2779 922 2814 Livium
958 2784 1042 2814 sunt
1069 2781 1238 2815 omnibus
1274 2781 1317 2816 iis
1344 2781 1458 2820 lucis,
1493 2783 1627 2826 quibus
1660 2781 1790 2816 liuius·

443 2840 543 2885 modi
580 2840 812 2876 coloniarum
838 2841 1075 2877 deductiones
1101 2846 1239 2877 narrat.

1965 2914 1973 2992 1

1973 3159 1981 3193 .-
