1981 3390
430 184 496 233 58

361 305 586 347 rationem.
645 301 739 344 Etsi
768 303 881 344 enim
912 305 966 346 ad
997 317 1149 346 versus
1178 303 1321 360 legem
1348 313 1446 361 apte
1475 307 1615 348 oratio
1646 310 1807 353 insistit

360 391 459 439 post
489 382 600 423 tales
630 382 674 422 in
712 395 873 422 caesura
906 384 1023 423 tertii
1054 383 1203 438 pedis,
1241 383 1430 424 naturali
1461 393 1604 426 tamen
1637 389 1804 429 ratione

362 475 512 508 omnes
555 460 607 500 ad
641 460 935 500 accusativum
978 459 1162 514 pluralis
1204 463 1373 502 numeri
1417 462 1622 504 adiectivi
1655 465 1804 518 (tales)

362 553 458 580 cum
491 537 684 578 subiecto
720 537 967 578 accusativo
993 537 1256 579 substantivi
1281 540 1473 581 eiusdem
1505 543 1675 582 numeri
1704 557 1803 583 con-

359 615 627 670 iungendum
669 612 947 664 ferebantur,
994 622 1042 654 ut
1082 615 1126 654 in
1171 629 1332 658 caesura
1364 620 1504 672 quarti
1535 619 1658 674 pedis
1700 621 1805 660 insi·

357 701 557 735 steretur.
623 690 775 745 Itaque
789 698 905 738 recte
931 696 975 730 et
992 704 1068 744 pro
1083 692 1418 734 sedrestitutum
1430 704 1511 746 est,
1537 696 1615 737 sed
1637 711 1804 738 comma

356 778 454 826 post
475 768 646 810 laubicus
660 767 906 824 ponendum
929 775 994 807 est
1019 769 1085 819 (ut
1096 767 1198 808 fecit
1210 768 1398 824 Pinzger
1417 770 1469 811 de
1487 785 1622 814 verss.
1644 776 1803 828 spuriis

357 856 402 890 et
439 847 552 888 male
595 847 809 902 suspectis
851 846 896 885 in
938 844 1091 886 Iuven.
1131 853 1213 886 sat.
1252 861 1294 902 p.
1339 849 1443 898 18.).
1517 847 1610 891 Nec
1649 849 1804 891 melius

357 927 472 969 idem
501 923 668 968 Weber
696 926 741 965 in
774 923 925 965 eadem
958 924 1092 965 satira
1125 938 1166 965 v.
1197 924 1254 965 28
1282 933 1324 966 et
1354 926 1410 966 29
1441 927 1597 968 edidit:

808 1109 811 1113 .
1320 1061 1445 1088 rarus

479 1126 601 1167 Civis
632 1132 675 1165 et
703 1124 908 1179 egregius
939 1124 1087 1180 patriae
1120 1125 1362 1181 contingis,
1396 1127 1545 1166 ovanti

473 1202 736 1244 Exclamare
765 1199 898 1252 libet,
927 1200 1114 1256 populus
1146 1202 1258 1258 quod
1289 1201 1461 1256 clamat,
1494 1185 1613 1245 Osiri

477 1281 677 1322 Invento.
1060 1276 1063 1278 ’
1304 1282 1308 1287 ’

353 1403 508 1460 Neque
542 1403 656 1444 enim
685 1399 777 1441 ullo
807 1399 934 1441 modo
962 1400 1181 1454 participii
1203 1401 1375 1443 dativus
1393 1403 1582 1456 (ovante)
1601 1409 1801 1444 extremo

353 1495 508 1525 versus
544 1480 642 1521 loco
674 1479 840 1534 positus
875 1492 900 1518 a
926 1475 1189 1519 substantivi
1218 1478 1365 1520 dativo
1399 1479 1551 1520 divelli
1585 1489 1728 1536 potest
1756 1482 1801 1522 in

355 1561 507 1602 eodem
538 1555 812 1599 hemistichio
841 1563 938 1610 post
955 1557 1202 1610 graviorem
1225 1570 1429 1597 caesuram
1449 1559 1617 1612 posito;
1649 1561 1801 1613 (quum

353 1641 469 1680 enlm
495 1638 658 1691 patria>
691 1649 716 1675 a
750 1637 966 1687 contingis·
997 1633 1180 1674 distrahi
1218 1642 1428 1689 nequeat,
1470 1642 1568 1690 post
1599 1639 1804 1690 egregiae

353 1715 640 1763 insistiturl).
719 1712 944 1760 Sententia
975 1719 1141 1752 tantum
1172 1711 1296 1753 abest
1323 1720 1370 1752 ut
1400 1711 1554 1753 melior
1586 1712 1702 1753 facta
1730 1714 1802 1764 sit,

353 1803 400 1836 ut
435 1793 541 1835 mihi
570 1792 711 1832 minus
743 1789 856 1830 bona
890 1789 1103 1830 videatur.
1167 1789 1218 1830 In
1249 1789 1426 1845 vulgata
1453 1791 1799 1845 interpunctione

353 1868 591 1925 (contingis
623 1871 818 1920 avantot)
865 1869 1125 1921 exprimitur
1165 1869 1307 1922 patria
1347 1867 1430 1908 sibi
1472 1868 1524 1908 de
1558 1866 1673 1909 bono
1702 1869 1799 1909 cive

353 1949 592 2006 gratulans.
653 1945 704 1986 In
732 1944 868 1985 altero
898 1959 1026 1986 versu
1053 1958 1137 1984 non
1163 1959 1272 2000 opus
1289 1953 1381 1985 erat
1399 1945 1498 1996 dici,
1529 1947 1603 2001 qui
1629 1960 1798 1987 sacrum

351 2027 461 2069 illud
497 2022 665 2080 εὕρηκα
697 2021 979 2072 exclamaret,
1013 2030 1215 2064 ovantem
1251 2022 1295 2063 id
1332 2022 1490 2063 facere.
1554 2021 1647 2064 Nec
1677 2025 1798 2074 satis,

354 2108 522 2161 opinor,
555 2103 610 2144 ad
641 2100 883 2142 naturalem
916 2099 1150 2141 verborum
1181 2102 1425 2141 iuncturam
1457 2108 1500 2141 et
1530 2115 1684 2142 versus
1712 2101 1798 2142 for-

353 2197 466 2225 mam
507 2183 765 2234 interpretes
809 2176 1084 2218 attenderunt
1124 2178 1169 2218 in
1212 2185 1292 2217 sat.
1332 2176 1375 2218 V
1412 2191 1455 2217 v.
1500 2179 1580 2217 121
1622 2186 1666 2218 et
1702 2180 1796 2218 122.

353 2259 639 2314 (Structorem
668 2259 859 2304 interea,
892 2267 946 2293 ne
978 2267 1063 2307 qua
1091 2254 1339 2307 indignatio
1373 2254 1509 2304 (lesit,
1551 2252 1795 2295 Stellantem

351 2343 515 2395 spectes
549 2340 594 2376 et*
631 2332 954 2374 chironomanta
988 2331 1158 2371 volante·
1200 2332 1419 2385 ctcllello;)
1472 2331 1796 2373 intellexissent

352 2419 483 2468 enim,
524 2411 824 2466 coniungenda
854 2424 950 2451 esse
991 2410 1221 2450 saltantem
1262 2417 1306 2450 et
1348 2408 1673 2452 cMronomemla
1714 2412 1795 2462 (sic

351 2497 466 2539 enim
499 2491 771 2535 scribendum
815 2496 880 2531 est
921 2502 980 2530 ex
1015 2489 1178 2544 optimo
1222 2486 1594 2530 Schurtzfleischii
1627 2489 1720 2530 cod.
1751 2498 1794 2530 et

375 2698 411 2738 1)
439 2694 578 2728 Contra
602 2690 638 2724 in
663 2692 732 2724 sat.
757 2689 844 2723 XIV
870 2701 902 2723 v.
931 2688 987 2723 16.
1014 2688 1059 2723 17
1084 2692 1210 2723 nostra
1235 2693 1336 2724 recte
1362 2688 1526 2723 refertur
1550 2687 1596 2721 ad
1625 2685 1789 2726 maim-im

441 2766 526 2790 num
552 2756 633 2797 post
653 2752 719 2786 illa
736 2751 874 2785 animas
893 2762 1075 2800 servorum
1104 2750 1387 2797 exspectabatur
1414 2749 1535 2784 solum
1561 2750 1597 2782 ct
1622 2758 1787 2792 corpora,

440 2823 518 2852 tum
546 2813 772 2851 naturaliter
797 2812 1046 2850 insistebatur.
