1981 3390
1498 200 1562 249 39

295 327 436 375 Quem
466 323 616 364 deceat
647 321 755 362 elai-i
785 322 1058 376 praestantior
1090 320 1196 360 ordo
1228 320 1407 369 tribuni,

291 394 503 452 Quisnam
533 400 766 456 frenigerae
793 400 967 455 signum
997 397 1102 439 dare
1132 397 1306 453 dignior
1338 397 1434 438 ulae.

169 501 377 566 Ascendit
407 501 573 544 Statius
603 514 627 541 a
659 501 930 551 centuriam,
975 512 1103 556 quem
1134 506 1225 540 tum
1254 505 1500 554 equestrem
1530 513 1627 555 gra—

169 581 269 622 dum
301 580 437 622 fuisse
470 587 616 636 patet,
660 593 737 635 per
776 578 1079 636 praefecturam
1125 577 1315 619 cohortis
1348 576 1401 617 ad
1434 575 1625 618 tribuna-

169 667 256 699 tum
288 666 330 700 et
372 659 673 714 praefecturam
709 656 789 698 alre
824 658 1043 713 equituin3
1082 669 1342 713 quamquam
1376 670 1418 695 v.
1447 655 1504 695 95
1535 669 1626 695 eoi·-

168 746 318 793 i'uptus
332 740 458 791 estl).
494 735 542 778 In
558 736 839 790 inscriptione
853 735 1038 790 denique
1051 735 1235 790 quadam
1251 731 1627 787 (OrellJnsci-ipu.

168 815 264 856 Lat.
293 829 334 855 n.
368 815 468 866 125)
504 814 573 855 hie
612 822 677 854 est
707 813 812 854 ordo
851 827 1077 854 munerum
1110 811 1364 852 militarium
1399 808 1534 866 [Pru]
1567 809 1626 860 ef.

170 891 299 934 Fabr.
336 889 497 940 Praef.
527 888 742 930 Cohort.
771 889 1023 930 German.
1059 886 1195 944 [Pru]
1230 886 1290 937 ef.
1320 885 1471 942 Eqm'l'.
1509 887 1625 929 Tre‘b.

164 968 499 1022 Mtl.Lege·om·s
528 967 575 1017 V,
610 967 650 1008 id
674 975 758 1018 est,
790 966 1100 1008 Svetonianus.
1163 965 1255 1007 Iam
1287 973 1422 1021 patet,
1455 967 1622 1021 opium-2

164 1045 205 1086 id
241 1059 267 1086 a
298 1044 508 1086 Iuvenale
542 1045 629 1086 dici
662 1059 845 1097 munus,
887 1045 1002 1101 quod
1030 1043 1192 1086 nebulo
1223 1043 1382 1101 aliquis
1409 1044 1623 1084 senatoris

164 1121 281 1164 filius
302 1125 419 1176 (nam
446 1123 601 1165 horum
633 1138 804 1180 quoque
834 1129 1051 1179 equestres
1080 1131 1204 1165 erant
1234 1122 1434 1176 militiae‚)
1467 1121 1621 1176 dilapi-

161 1201 261 1242 dato
294 1203 555 1257 patrimonio
587 1210 734 1258 petere
764 1203 984 1258 potuerit,
1015 1210 1064 1244 ut
1094 1203 1257 1244 vietum
1290 1199 1496 1251 haberet,
1527 1201 1621 1241 sive

162 1280 412 1331 etiamtum,
456 1288 503 1320 ut
539 1294 564 1321 a
591 1278 802 1331 Claudio,
844 1281 883 1321 is
917 1281 1082 1335 primus
1126 1280 1286 1336 gradus
1327 1281 1422 1321 dari
1464 1278 1619 1320 solitus

160 1359 215 1399 sit
247 1359 342 1399 sive
374 1357 457 1399 hoo
486 1372 656 1414 quoque
689 1359 744 1400 ad
775 1359 1089 1415 impudentiam
1120 1358 1354 1400 notandam
1385 1359 1617 1414 pertineat,

158 1435 271 1492 quod
301 1449 388 1476 non
419 1438 733 1487 centuriatum,
774 1438 848 1493 qui
890 1451 915 1477 a
943 1437 1085 1479 Statio
1116 1437 1281 1491 primus
1313 1437 1512 1492 ponitur,
1544 1436 1621 1476 sed

157 1514 303 1556 statim
336 1527 483 1555 euram
515 1513 704 1556 cohortis
727 1522 877 1571 petere
908 1514 1089 1555 dicatur.
1164 1514 1252 1557 Sed
1272 1513 1343 1556 vel
1362 1513 1444 1555 hoe
1464 1526 1619 1554 munus

158 1606 225 1642 ea,
255 1591 536 1655 qnamstdixi‚
580 1607 709 1634 causa
741 1594 832 1649 peti
856 1594 1081 1649 potuisse,
1121 1594 1228 1634 satis
1258 1593 1472 1642 ostendit,
1504 1590 1617 1648 quod

159 1671 202 1710 in
243 1677 324 1711 sat.
367 1669 483 1712 XIV
522 1679 642 1726 pater
684 1684 844 1713 avarus
888 1669 982 1712 filio
1021 1670 1201 1721 suadet,
1249 1679 1297 1712 ut
1329 1671 1617 1712 centuriatum

158 1756 276 1804 petat
305 1755 347 1789 et
378 1748 432 1790 ad
466 1748 735 1804 primipilare
767 1764 924 1790 munus
959 1751 1162 1791 enitatur.

276 1825 412 1868 Paulo
435 1825 633 1882 pluribus
666 1826 814 1869 verbis
845 1827 899 1869 ab
931 1827 1014 1870 hoe
1045 1827 1142 1869 loco
1171 1826 1363 1883 obliquae
1396 1823 1615 1882 significa-

156 1904 288 1944 tionis
318 1905 615 1958 snspieionem
647 1906 700 1947 ab
730 1906 1042 1963 interpretibus
1071 1915 1220 1948 contra
1252 1915 1441 1946 mentem
1474 1911 1612 1959 poetae

157 1979 325 2023 illatam
358 1984 551 2033 removi,
595 1984 708 2039 quod
741 1998 853 2025 unus
896 1983 1019 2025 locus
1051 1983 1243 2039 plurium
1275 1982 1447 2024 errandi
1481 1994 1612 2037 gene-

182 2165 216 2208 ¹)
245 2163 409 2205 Iniuria,
436 2167 477 2198 ut
503 2174 546 2198 ex
571 2164 806 2210 reliquorum
830 2166 1057 2212 scriptorum
1084 2166 1178 2202 locis
1201 2178 1300 2201 nune
1321 2169 1436 2213 patet,
1464 2166 1611 2201 Grono‘-

244 2224 326 2258 vius
351 2224 564 2270 superiores
597 2224 821 2271 interpretes
858 2228 1121 2272 reprehendit,
1157 2228 1409 2263 centuriatum
1447 2223 1611 2272 intelligi

243 2288 441 2331 putantes,
487 2296 578 2329 quos
606 2297 737 2322 verum
763 2287 899 2322 vidisse
923 2290 985 2324 vel
1009 2289 1194 2335 manipuli
1220 2301 1290 2324 vox
1322 2289 1505 2331 ostendit,
1544 2299 1611 2323 neu

242 2345 322 2391 ipse
351 2345 640 2390 animadvertit,
674 2359 747 2394 quo
773 2353 914 2395 spectet
936 2351 1071 2397 equitis
1093 2363 1242 2394 nomen,
1270 2351 1446 2395 (Romani
1470 2351 1518 2384 ad
1543 2350 1608 2384 mi-

241 2406 326 2442 lites
358 2409 540 2453 regendos
586 2413 623 2443 et
666 2411 716 2444 ad
764 2416 965 2456 equestrem
1006 2413 1166 2458 aliquam
1209 2413 1377 2447 militiam
1410 2412 1608 2455 mittendi)

243 2479 329 2503 cum
356 2468 542 2505 Salmasio
569 2470 710 2516 equites
739 2472 970 2519 legionarios
1003 2474 1130 2510 nescio
1166 2486 1257 2520 quos
1283 2475 1330 2509 ab
1358 2475 1420 2509 ala
1445 2475 1609 2509 diversos

244 2529 412 2565 inferens
448 2536 486 2566 et
523 2535 642 2567 totum
673 2533 842 2568 ordinem
877 2539 1106 2579 pervertens.
1159 2536 1233 2571 Sed
1260 2541 1400 2571 centum
1428 2536 1608 2579 maniplos
1657 2567 1659 2570 .

243 2595 374 2637 aperte
398 2594 618 2628 mendosum
642 2598 719 2638 θείς
744 2595 823 2641 legi
852 2597 964 2631 debet
990 2597 1183 2633 lenissima
1207 2598 1416 2633 mutatione
1435 2597 1605 2639 maniplo,

243 2655 287 2688 ut
318 2652 388 2693 sit,
427 2655 508 2699 quis
542 2656 702 2701 maniplo
740 2657 966 2693 intermissus
999 2664 1140 2694 centum
1176 2671 1304 2705 regere
1335 2660 1477 2705 possll;
1510 2658 1606 2692 ludit

241 2715 477 2751 versificator
510 2717 548 2752 in
583 2719 816 2765 etymologia
847 2720 1008 2756 nominis
1046 2720 1222 2756 centuria:
1258 2726 1308 2762 et,
1338 2720 1606 2756 obscuritatem

243 2775 386 2820 n’tans,
419 2777 578 2826 manipli
610 2792 746 2816 nomen
771 2781 973 2824 admiscet,
1011 2795 1053 2820 ex
1077 2783 1211 2831 equitis
1238 2783 1352 2821 ctiam
1387 2787 1424 2819 et
1449 2780 1604 2827 manipli

247 2837 515 2883 compo-itione
539 2841 708 2886 leporem
732 2853 882 2880 venans.
