1981 3390
447 199 514 246 vl

553 320 595 354 P.
622 317 702 354 148.
751 319 794 354 ln
819 316 985 365 Philipp.
1017 320 1076 363 11,
1111 319 1178 364 26,
1208 320 1254 357 61
1282 319 1398 357 verba
1431 332 1451 356 e
1484 320 1663 358 Vaticano
1696 321 1823 357 codice

379 402 524 437 adiecta
559 402 761 437 defendere
793 402 941 437 videtur
973 402 1117 438 Seneca
1144 404 1297 447 rhetor,
1334 405 1398 450 qui
1431 418 1465 451 p.
1504 405 1574 440 218
1606 405 1689 451 Bip.
1726 406 1826 440 hanc

378 485 529 520 Haterii
560 486 782 520 sentenfiam
817 485 942 530 ponit:
996 485 1191 530 Proposito
1235 487 1273 520 in
1305 488 1435 521 rostris
1471 489 1591 532 capite
1629 488 1823 528 Ciceronis,

379 580 458 603 cum
483 569 590 602 unius
615 573 710 602 metu
737 570 854 602 omnia
880 573 1100 609 tenerentur,
1136 570 1295 614 gemitus
1320 575 1438 604 tamen
1460 571 1592 615 populi
1615 572 1705 605 liber
1723 572 1826 614 suit,-

377 663 455 696 quae
479 652 584 685 illinc
608 652 735 685 efficta
761 655 827 684 est.
876 651 948 684 Sed
973 653 1154 686 Haterius
1179 654 1416 687 servientibus
1444 654 1572 687 animis
1597 666 1670 688 non
1695 655 1825 697 habet,

375 738 416 768 ut
450 733 510 766 his
546 733 657 766 aliter
694 732 802 767 elatis
836 733 1004 767 variasse
1037 734 1289 768 elocutionem
1322 735 1443 767 videri
1476 741 1608 779 queat,
1646 737 1678 771 si
1715 738 1826 772 modo

376 815 574 862 probabile
602 819 670 857 est,
696 816 912 850 huiusmodi
940 816 1186 850 imitationem
1215 820 1250 851 et
1277 816 1525 852 vadationem
1551 817 1588 852 in
1618 829 1661 852 eo
1687 819 1826 862 codice,

376 912 419 934 ex
444 911 515 944 quo
540 899 742 934 Vaticanus
768 900 897 933 ductus
931 903 1006 942 est,
1041 901 1257 935 adnotatam
1297 899 1435 941 fuisse,
1471 904 1556 942 aut,
1593 900 1711 936 alium
1737 912 1827 936 casu

373 983 414 1019 iu
440 984 596 1018 eandem
621 982 991 1016 circumlocutionem
1015 982 1187 1018 incidisse
1215 986 1327 1027 atque
1353 982 1566 1018 Haterium.

551 1067 593 1102 P.
621 1066 691 1100 193
715 1065 753 1099 in
778 1069 867 1099 nota
891 1076 1002 1100 versu
1025 1067 1048 1101 6
1073 1067 1120 1101 ab
1155 1066 1231 1101 imo
1265 1066 1318 1099 sic
1351 1065 1514 1101 scribere
1535 1067 1752 1100 volueram:
1787 1070 1826 1102 at

373 1149 515 1195 legitur
540 1150 639 1194 apud
665 1148 898 1194 Sulpicium,
926 1149 1115 1183 Ciceronis
1138 1150 1340 1193 aequalem,
1367 1149 1423 1193 (in
1448 1149 1524 1183 Cic.
1553 1149 1622 1193 Ep.
1648 1149 1695 1182 ad
1717 1149 1823 1184 Fam.

373 1233 437 1275 lv,
471 1233 494 1267 5
517 1232 617 1275 init.)
650 1244 720 1276 pro
755 1244 795 1267 eo
831 1244 875 1266 ac
911 1233 1041 1275 debui3
1077 1232 1178 1277 apud
1212 1231 1335 1278 ipsum
1369 1236 1497 1268 autem
1524 1232 1743 1267 Ciceronem
1769 1234 1825 1267 est

369 1327 440 1360 pro
468 1327 522 1355 eo,
550 1320 722 1359 quantum
749 1318 817 1348 cet.

548 1399 590 1433 P.
616 1399 685 1432 199
710 1410 743 1432 v.
771 1398 817 1432 19
841 1401 924 1443 post
943 1400 1098 1440 fuerunt
1120 1399 1233 1433 adde:
1263 1401 1299 1432 et
1324 1410 1392 1443 pro
1419 1397 1540 1432 Sestio
1564 1397 1622 1439 38,
1645 1397 1711 1432 81:
1740 1397 1821 1431 Hoc

372 1494 518 1527 Ψιαενο,
544 1482 705 1515 iudices:
741 1482 775 1514 si
798 1482 861 1514 illo
896 1482 954 1514 die
986 1492 1080 1526 gens
1117 1482 1190 1515 ista
1228 1482 1378 1521 Clodia,
1416 1483 1510 1525 quod
1539 1483 1670 1523 facere
1693 1481 1823 1520 voluit,

373 1567 575 1611 effecisset,
612 1566 645 1598 si
676 1565 720 1599 P.
748 1564 888 1598 Sestius
911 1582 959 1590 —
984 1565 1124 1598 occisus
1152 1569 1268 1607 essct,
1301 1565 1478 1606 fuistisne
1503 1566 1552 1598 ad
1578 1577 1680 1598 arma
1704 1564 1824 1598 ituri?

367 1650 545 1692 fuistisne
581 1660 644 1682 vos
678 1653 748 1683 etc.
778 1666 823 1674 --
855 1659 903 1681 an
937 1648 1044 1681 etiam
1082 1653 1157 1682 tum
1193 1648 1425 1691 quiesceretis
1462 1647 1565 1682 otest
1614 1649 1695 1683 Non
1722 1650 1824 1682 recte

370 1733 488 1778 igitur
526 1731 721 1776 Zumptius
758 1732 823 1765 Gr.
862 1732 944 1765 Lat.
977 1733 994 1775 §
1030 1731 1099 1766 498
1135 1732 1210 1775 (ed.
1242 1732 1327 1774 vn)
1364 1731 1476 1764 huius
1512 1730 1722 1776 Ligarianae
1748 1729 1823 1765 loci

370 1816 548 1851 mendosa
562 1814 747 1858 scriptura
762 1814 892 1849 utitur.
949 1815 1027 1849 Nec
1053 1815 1203 1849 Curtius
1234 1815 1299 1856 ita,
1325 1818 1366 1848 ut
1392 1818 1510 1858 putat,
1537 1815 1684 1847 locutus
1715 1817 1821 1848 esset.

370 1900 479 1944 Apud
506 1898 681 1933 Ovidium
719 1900 902 1941 (mersura
930 1899 1078 1941 suerat)
1112 1900 1243 1940 fuerat
1278 1898 1462 1933 Ovidiano
1497 1908 1602 1931 more
1638 1908 1705 1941 pro
1737 1900 1818 1931 crat

367 1984 531 2030 positum
560 1985 636 2023 est,
663 1981 708 2014 de
733 1993 804 2025 quo
833 1993 906 2015 non
932 1986 1035 2016 recte
1059 1982 1202 2026 scripsi,
1229 1981 1353 2016 Ovidii
1381 1980 1649 2025 proprietatem
1675 1991 1698 2014 a
1724 1982 1822 2013 cete·

367 2078 497 2101 rorum
529 2077 598 2098 usu
631 2076 704 2098 non
739 2064 957 2108 seiungens‚
998 2064 1037 2098 in
1073 2068 1269 2098 comment.
1311 2065 1356 2097 de
1384 2063 1541 2097 Asconio
1581 2076 1617 2108 p.
1651 2062 1720 2097 139
1744 2065 1820 2098 not.

369 2150 450 2183 Vid.
470 2149 551 2182 Am.
573 2149 602 2188 1,
628 2146 684 2186 13,
710 2146 755 2179 31
777 2150 813 2179 et
835 2145 882 2178 32
910 2146 1036 2188 (Quod
1062 2150 1140 2179 erat
1166 2147 1232 2178 tibi
1248 2147 1357 2187 filius
1383 2151 1475 2184 ater,
1506 2146 1668 2178 Materni
1687 2147 1819 2186 suerat

363 2231 524 2276 pectoris
550 2230 612 2262 ille
636 2228 767 2270 color),
795 2229 837 2262 A.
855 2228 1001 2268 A1n.1[,
1025 2228 1094 2261 137
1117 2232 1153 2261 et
1169 2228 1237 2261 475
1263 2227 1384 2271 (Silva
1410 2228 1535 2260 domus
1556 2229 1685 2268 suerat
1712 2228 1818 2270 etc.)‚

368 2316 468 2348 Fust.
489 2314 549 2355 lv,
576 2312 656 2345 429.
704 2311 803 2346 llinc
825 2311 937 2345 etiam
953 2311 1035 2345 Am.
1057 2311 1105 2351 11,
1132 2311 1188 2352 11,
1214 2311 1236 2345 6
1253 2310 1363 2345 dixit:
1392 2310 1528 2343 Militia
1548 2312 1677 2352 fuerat
1703 2310 1818 2354 (ligna

366 2398 487 2442 perire
512 2407 593 2435 sua,
621 2395 684 2429 ubi
713 2407 828 2439 prosae
855 2394 1032 2428 orationis
1057 2394 1216 2438 scriptor
1236 2394 1313 2435 suit
1340 2393 1501 2434 dixisset.

544 2480 585 2514 Ρ.
613 2478 681 2511 244
707 2479 803 2522 quod
829 2478 907 2512 veri
945 2478 1068 2512 simile
1102 2489 1178 2511 esso
1205 2477 1292 2518 dixi,
1328 2476 1365 2510 in
1391 2476 1552 2521 antiquis
1576 2473 1816 2519 praesecturis‚

370 2576 448 2609 quae
475 2563 586 2597 simul
614 2561 799 2595 coloniam
825 2561 1037 2605 impositam
1060 2561 1264 2601 haberent,
1297 2561 1453 2594 cundem
1481 2560 1578 2595 inter
1604 2560 1755 2593 colonos
1781 2560 1817 2590 et

367 2647 530 2691 reliquos
557 2646 675 2690 (cives
699 2645 777 2679 sine
800 2644 1001 2689 suffragio)
1026 2643 1099 2679 iuri
1125 2644 1279 2678 dicendo
1304 2645 1516 2689 praefuisse,
1541 2643 1577 2677 id
1603 2654 1685 2677 sum
1709 2652 1815 2675 secu-

369 2736 447 2770 tus,
490 2730 585 2774 quod
611 2729 662 2763 sic
689 2729 824 2762 melius
853 2727 1016 2772 intelligi
1042 2727 1262 2769 videbatur,
1299 2729 1482 2772 quomodo
1509 2731 1658 2773 postca,
1686 2723 1814 2760 alteris

369 2814 412 2847 aul
440 2815 589 2857 plenam
615 2812 802 2848 civitatem
826 2811 1014 2853 admissis,
1056 2823 1098 2846 cx
1128 2816 1287 2856 utroque
1323 2823 1460 2857 gent-rc
1497 2823 1611 2846 unum
1638 2810 1812 2846 effectum
