1981 3390
1485 260 1581 307 407

195 394 219 419 u
255 378 447 421 librariis
490 382 635 421 additu
665 388 744 418 est.
824 376 1040 433 Exempla
1077 385 1176 415 sunt
1217 379 1258 415 in
1307 377 1428 416 Verr.
1462 378 1540 427 lv,
1580 380 1649 427 46,

192 456 297 502 1⁰33
331 454 460 496 Catil.
489 456 568 504 lv,
603 457 643 504 l,
678 456 731 500 13
771 465 849 506 pro
893 451 980 506 leg.
1012 451 1132 492 Mun.
1165 454 1243 501 14,
1282 454 1333 491 41
1367 451 1459 504 (ubi
1491 468 1572 506 ego
1603 456 1646 493 in

195 530 297 570 edit.
338 530 428 571 ΧΠ
467 538 593 570 oratt.
626 529 794 578 delevi,
840 527 1070 568 obsecutus
1105 529 1197 569 cod.
1238 528 1327 568 Erf,
1369 536 1411 568 et
1445 527 1644 583 palimps.

194 604 375 656 Taur.);
424 619 501 658 pro
546 604 719 646 Cluent.
761 607 835 655 18,
879 607 935 645 50
969 606 1077 656 (vid.
1118 606 1221 646 edit.
1262 605 1520 653 Classenii);
1568 620 1644 659 pro

188 681 301 722 sest.
329 684 380 731 6,
414 684 467 722 14
505 682 598 732 (ubi
637 682 830 723 Orellius
872 684 915 722 in
960 684 1125 723 minore
1159 683 1261 723 edit.
1298 697 1350 722 ne
1385 696 1643 722 commemo-

188 759 302 798 ravit
326 760 514 813 quidem,
549 762 689 800 omitti
723 774 747 800 a
779 759 997 807 nonnullis
1029 759 1301 813 particulam,
1334 761 1501 813 opinor,
1530 759 1642 813 quod

185 837 228 874 in
264 834 559 877 Bernensibus
597 835 842 891 reperiebat
874 835 1160 891 credebatque
1192 838 1234 875 in
1267 835 1466 875 omnibus
1493 835 1643 875 melio-

185 911 305 952 ribus
345 927 467 961 esse;
522 927 672 954 verum
707 912 951 954 Beruenses
994 912 1055 952 ibi
1100 914 1185 952 iam
1225 911 1477 964 interpolati
1516 920 1642 959 sunt3

185 1003 283 1029 nam
341 989 601 1030 Parisiensis
661 1003 756 1029 cum
817 989 919 1027 edit.
977 987 1122 1043 Naug.
1172 996 1216 1027 et
1266 987 1418 1042 steph.
1471 988 1643 1026 omittit.

183 1064 318 1105 Recte
349 1074 596 1119 poneretur,
628 1066 665 1105 si
695 1066 737 1104 in
772 1064 952 1120 reliquis
987 1063 1314 1119 magistratibus
1343 1064 1476 1105 Sestii
1509 1063 1638 1112 idem,

182 1141 295 1194 quod
323 1142 368 1181 in
403 1140 652 1192 tribu-natu,
689 1143 831 1182 minus
863 1150 1010 1195 aperte
1043 1141 1230 1193 perspici
1261 1140 1447 1190 diceret,
1483 1148 1570 1179 tum
1598 1141 1638 1179 in

183 1216 403 1257 tribunatu
435 1220 592 1258 certius
620 1218 922 1273 illustrinsque
953 1221 1176 1274 apparere)
1200 1217 1254 1268 1).

304 1294 440 1335 Paulo
475 1303 572 1347 post
604 1297 626 1346 ᾖ
656 1297 710 1335 ’73
741 1309 799 1336 ex
830 1295 981 1336 eodem
1009 1295 1155 1335 codice
1188 1293 1470 1348 palimpsesto
1498 1295 1640 1334 minus

184 1378 300 1410 recte
333 1379 555 1426 receptum
595 1380 722 1426 puto:
756 1377 802 1413 in
834 1386 919 1427 qua
948 1375 1180 1426 provincia
1219 1384 1343 1426 quum
1374 1384 1443 1410 res
1473 1376 1571 1411 erut
1599 1377 1640 1410 el

177 1452 470 1499 possessiones
497 1455 719 1502 pater-nce,
754 1455 840 1489 tecm
875 1453 1004 1489 eliam
1044 1454 1149 1497 ela,
1185 1446 1259 1487 nbi
1291 1446 1447 1502 reliqui
1478 1446 1640 1487 habent

182 1530 324 1563 erant.
384 1523 494 1565 Nam
531 1540 670 1580 neque
712 1540 780 1566 res
814 1527 876 1566 sic
922 1526 1034 1566 nude
1076 1526 1231 1565 dieitur
1275 1525 1364 1574 (res
1405 1530 1471 1564 est
1502 1525 1640 1564 aliem?

182 1604 228 1640 ae’n
259 1601 410 1655 aliqua
438 1606 688 1655 provincia)
721 1612 763 1642 et
795 1604 889 1656 ipsa
922 1603 1138 1642 sententia
1171 1616 1266 1641 cum
1302 1602 1517 1641 adiectivo
1555 1614 1634 1653 pa-

176 1682 312 1717 ternae
354 1680 562 1734 coniungi
595 1678 741 1729 iubet,
786 1678 899 1733 quod
945 1686 990 1718 ut
1030 1676 1127 1718 fieri
1159 1686 1336 1733 posset,
1378 1679 1471 1717 sine
1505 1676 1638 1716 dnbio

178 1752 332 1794 Cicero
377 1769 557 1795 numero
605 1770 773 1811 quoque
821 1755 902 1795 hoc
948 1754 1269 1795 substantivum
1319 1753 1446 1794 alteri
1496 1753 1638 1793 simile

176 1831 302 1878 fecit3
351 1846 429 1872 nee
475 1831 669 1886 ambigui
713 1832 942 1886 quidquam
989 1839 1081 1878 erat
1126 1832 1271 1871 addito
1311 1832 1635 1885 possessionum

176 1909 364 1948 nomine.
433 1909 522 1948 Res·
551 1908 711 1960 plurali
756 1922 933 1948 numero
967 1922 1049 1948 non
1083 1908 1224 1947 minus
1256 1916 1354 1962 apte
1390 1907 1458 1947 hic
1488 1907 1635 1947 dicun-

179 1993 274 2034 tur,
305 2000 432 2039 quam
466 1999 543 2037 pro
574 1984 660 2039 leg.
692 1983 811 2025 Man.
840 1986 881 2033 2,
915 1986 962 2025 4:
1002 1997 1176 2038 qaorum
1205 1997 1369 2038 mugnce
1399 1998 1467 2023 res
1497 1997 1633 2037 agetu-

174 2067 247 2100 Μ’·
275 2069 356 2102 etc.

295 2136 344 2177 C.
374 2139 454 2187 31,
485 2139 542 2178 77
571 2139 609 2178 si
644 2152 770 2179 veras
806 2139 1039 2190 scripturas
1071 2139 1262 2191 reperire
1298 2136 1369 2177 vel
1403 2137 1509 2176 satis
1538 2150 1634 2176 eon-

176 2212 349 2255 tirmare
382 2228 466 2255 non
499 2229 672 2267 possum
692 2246 704 2266 ,
752 2214 907 2256 saltem
939 2213 1072 2254 falsas
1105 2228 1352 2268 coarguam.
1410 2212 1522 2254 Nam
1549 2215 1632 2265 pri-

179 2304 320 2340 mum,
352 2290 427 2331 ubi
461 2292 623 2332 editur:
660 2296 701 2332 εἰ
726 2296 799 2332 cui
825 2295 999 2331 nimium
1029 2291 1254 2340 effervisse
1296 2290 1466 2330 videtur
1510 2288 1635 2329 leuius

175 2367 248 2406 vel
275 2371 321 2406 iu
349 2368 639 2421 susclpe'ende's
673 2370 745 2409 vel
774 2373 821 2409 ‘e'u
849 2367 1057 2422 gerendis
1086 2370 1330 2406 inimicitiis
1359 2370 1438 2415 ves,
1459 2365 1632 2414 feroci·

169 2448 264 2493 tas,
309 2447 584 2497 pertinacia,
625 2454 871 2486 extremum
903 2445 984 2485 hoc
1016 2441 1276 2484 vocabulum
1319 2445 1446 2483 nimis
1488 2451 1633 2483 aucto-

172 2520 301 2560 ritate
326 2520 590 2571 destituitur,
625 2523 831 2563 omissum
861 2536 945 2563 non
972 2520 1113 2562 solum
1145 2522 1186 2560 in
1212 2519 1467 2560 melioribus
1496 2520 1631 2560 codd..

200 2657 239 2698 ³)
266 2656 306 2689 In
335 2657 415 2690 cod.
443 2658 530 2692 Par.
559 2660 701 2705 legitur
730 2664 909 2705 praetcrea
949 2661 1098 2704 aliquod
1132 2659 1307 2694 cfusmodi
1339 2658 1426 2701 (pro
1459 2657 1629 2699 aliquid),

262 2715 440 2749 omissum
467 2717 514 2750 ab
541 2718 678 2754 oreuii
703 2720 836 2754 amico.
893 2720 995 2754 Idem
1028 2731 1111 2753 mox
1147 2730 1230 2752 cnm
1262 2719 1457 2751 Bernenss.
1488 2720 1525 2749 et
1551 2717 1630 2749 Ert'.

263 2776 508 2817 fnste'tm‘mur;
547 2778 708 2813 alterum
737 2785 865 2814 tuctur
890 2781 968 2814 cod.
998 2780 1192 2824 palimps.‚
1224 2787 1449 2822 quamquam
1476 2777 1628 2810 mendo—

259 2847 343 2878 ειυς
379 2841 576 2881 utrumque
607 2842 735 2882 aptum
764 2845 827 2873 cst.
