1981 3390
397 243 494 291 324
535 251 543 258 ‘

447 361 544 402 Hoc
580 371 770 417 tempore
818 366 942 417 quasi
986 365 1126 418 spicas
1166 363 1372 419 colligere
1415 364 1589 404 decrevi
1632 371 1675 404 et
1717 364 1771 410 ad

330 451 461 494 opus,
499 440 545 478 in
584 441 705 480 cuius
747 441 1045 480 emendatione
1076 455 1212 495 nuper
1245 455 1402 495 magna
1434 441 1547 481 facta
1578 449 1643 480 est
1671 448 1770 494 pro-

328 517 521 570 gressio,
573 516 884 555 emendationis
929 516 1229 569 supplementa
1260 518 1480 564 conserre3
1533 531 1631 557 nam
1660 517 1773 557 Ver-

327 595 519 633 rinarum
565 591 786 632 Ciceronis
832 592 1073 630 orationum
1115 591 1232 632 locos
1278 593 1444 648 aliquot
1493 592 1695 647 expolire
1728 594 1773 632 in

327 670 471 709 animo
511 677 606 717 est,
653 681 758 721 quas
799 668 1016 706 orationes
1047 666 1094 706 C.
1126 667 1181 707 T.
1212 668 1462 723 Zumptius,
1483 670 1490 675 ’
1512 671 1578 709 vir
1616 669 1773 709 doctis-

326 746 486 794 simus,
513 745 574 783 ita
602 744 842 791 recensuit,
878 751 924 781 ut
957 743 1138 783 eandem
1171 746 1470 785 auctoritatem
1505 746 1771 800 eandemque

324 822 539 861 rationem
572 805 839 874 sequeretur,
876 833 1002 874 quam
1026 821 1119 874 ipse
1153 819 1440 874 probaveram
1473 822 1536 874 (in
1567 822 1692 874 epist.
1719 821 1774 861 ad

326 896 621 951 Orellium'et
663 898 706 936 in
744 896 1034 950 disputatione
1075 899 1168 937 crit.
1203 897 1255 937 de
1284 897 1476 937 Asconio
1510 897 1703 937 Pediano
1736 911 1776 937 a.

325 974 434 1014 1828
467 973 639 1022 editis),
678 973 755 1012 sed
796 981 838 1012 et
870 971 1007 1012 multo
1038 975 1202 1013 maiore
1243 981 1437 1014 uteretur
1479 981 1686 1028 apparatu
1717 981 1775 1022 et,

325 1051 438 1105 quod
475 1064 555 1104 ego
590 1058 755 1089 tantum
790 1051 834 1088 in
868 1051 1077 1089 extremis
1119 1049 1242 1090 libris
1281 1052 1521 1091 accuratius
1553 1051 1597 1090 in
1626 1051 1776 1104 praeci-

322 1128 420 1181 puis
438 1125 545 1166 locis
572 1127 774 1180 persequi
797 1135 1036 1180 potueram,
1060 1127 1160 1179 quia
1184 1127 1228 1166 in
1246 1126 1426 1181 reliquis
1443 1128 1774 1167 instrumentum

324 1204 518 1243 criticum
563 1200 816 1251 deficiebat,
877 1202 929 1242 ad
976 1203 1142 1256 priores
1188 1217 1356 1256 quoque
1412 1211 1455 1242 et
1503 1203 1557 1243 ad
1604 1214 1775 1242 omnem

324 1287 494 1319 textum
525 1278 777 1319 transferret
800 1278 854 1330 ¹).
929 1277 980 1317 In
1014 1292 1096 1332 quo
1142 1279 1319 1331 negotio
1362 1292 1521 1332 quum,
1561 1279 1652 1318 suis
1690 1279 1777 1318 iam

324 1356 575 1410 compositis
610 1364 651 1395 et
679 1369 799 1407 paene
825 1353 1093 1408 typographo
1125 1355 1309 1405 traditis,
1342 1369 1438 1395 mea
1467 1368 1637 1409 quoque
1663 1367 1778 1394 com-

321 1440 510 1488 pararet,
540 1433 629 1471 suis
661 1431 915 1487 plerumque
948 1440 1252 1481 consentanea,
1285 1432 1329 1470 in
1359 1431 1633 1485 paucissimis
1663 1429 1774 1470 locis

323 1509 610 1558 dissentiens,
654 1516 824 1558 tamen,
866 1509 1011 1547 nescio
1054 1522 1136 1562 quo
1183 1521 1307 1556 casu,
1356 1509 1401 1546 in
1434 1522 1520 1547 uno
1561 1515 1606 1546 et
1637 1504 1774 1546 altero

324 1582 422 1625 loco
454 1587 584 1625 etiam
606 1598 665 1624 ex
698 1585 767 1633 iis,
803 1585 875 1637 qui
905 1585 948 1622 in
982 1584 1165 1638 epistola
1196 1585 1404 1623 maturius
1436 1583 1488 1623 ad
1515 1596 1612 1623 eum
1644 1581 1777 1622 allata

324 1661 497 1702 tractati
530 1669 644 1711 sunt,
675 1674 839 1709 eorum,
873 1673 966 1715 quae
994 1675 1018 1700 a
1051 1674 1119 1700 me
1152 1661 1353 1714 exposita
1388 1668 1533 1710 erant,
1564 1661 1776 1699 rationem

323 1752 409 1778 non
454 1736 629 1787 habuit,
685 1751 813 1792 quum
862 1745 1003 1776 tamen
1049 1751 1187 1791 neque
1227 1738 1468 1776 dissensum
1507 1734 1777 1790 significaret

323 1829 488 1868 neque,
531 1815 578 1853 ut
617 1815 794 1868 opinor,
839 1813 1087 1852 dissentiret
1132 1813 1175 1852 in
1219 1811 1419 1853 omnibus
1463 1820 1602 1860 certe3
1648 1812 1778 1851 nimis

324 1893 438 1931 enim
471 1899 536 1930 est
568 1891 613 1930 in
639 1889 861 1930 nonnullis
888 1891 1116 1944 perspicua
1148 1904 1244 1937 res3
1276 1891 1320 1929 in
1345 1904 1430 1930 uno
1464 1889 1633 1944 quidem
1663 1886 1778 1938 loco,

323 1969 495 2008 etiamsi
525 1980 652 2007 nemo
689 1967 742 2007 de
778 1982 828 2008 ea
871 1980 917 2007 re
959 1967 1172 2016 dixisset,
1221 1974 1365 2007 tamen
1408 1966 1564 2006 editori
1611 1963 1777 2019 aliquid

325 2054 418 2086 erat
453 2043 757 2085 adnotandum.
822 2043 935 2084 Nam
965 2045 1010 2083 in
1037 2043 1136 2084 libr.
1170 2043 1228 2094 V,
1258 2045 1326 2094 16,
1362 2045 1417 2083 40
1446 2057 1523 2098 pro
1557 2056 1632 2092 eo,
1665 2040 1779 2096 quod

325 2124 529 2174 scriptum
565 2130 657 2163 erat
686 2133 931 2174 responsum
961 2121 1123 2162 nullum
1157 2121 1345 2171 dedisti,
1379 2119 1652 2161 scribendum
1682 2131 1778 2158 esse

323 2212 568 2252 responsum
601 2199 776 2248 dedisti,
808 2211 1065 2253 quamquam
1100 2199 1153 2238 iis
1183 2199 1451 2254 argumentis
1486 2197 1601 2238 evici
1633 2196 1778 2250 (epist.

325 2276 378 2315 ad
410 2273 548 2314 Orell.
580 2290 621 2327 p.
653 2273 753 2324 41),
795 2284 841 2314 ut
874 2284 1021 2315 contra
1061 2275 1145 2315 dici
1177 2276 1252 2315 vix
1289 2283 1417 2329 queat
1449 2273 1510 2328 (et
1544 2273 1774 2313 obsecutus

324 2360 390 2392 est
427 2349 623 2391 Orellius
656 2353 700 2391 in
733 2352 921 2391 editione
956 2350 1169 2405 singulari
1203 2351 1304 2390 libri
1334 2349 1504 2403 quinti),
1538 2357 1698 2396 tamen,
1739 2348 1778 2387 si

325 2429 539 2469 dessensit
572 2424 824 2482 Zumptius,
857 2440 957 2467 casu
988 2427 1148 2466 factum
1176 2439 1271 2466 esse
1302 2425 1454 2474 debet,
1487 2433 1533 2464 ut
1563 2424 1673 2464 hanc
1706 2437 1775 2465 co·

327 2504 434 2546 dicis
465 2505 559 2545 eius
591 2503 794 2554 familiae,
826 2517 952 2558 quam
983 2504 1198 2558 sequitur,
1228 2502 1573 2557 praestantissimi
1604 2510 1646 2542 et
1674 2500 1775 2543 Lei-

350 2699 386 2741 1)
415 2698 573 2732 Nitebar
608 2708 678 2742 ego
710 2707 784 2730 una
818 2697 1018 2730 collatione
1044 2695 1179 2729 codicis
1214 2695 1434 2731 Parisicnsis
1467 2696 1514 2731 ab
1552 2697 1680 2742 ignoto
1705 2697 1775 2731 ho-

411 2758 512 2792 mine
546 2759 647 2792 facta
675 2761 712 2791 et
736 2757 801 2798 iis,
837 2769 915 2802 quoe
942 2757 1008 2793 alii
1042 2767 1175 2802 parum
1201 2757 1403 2803 diligenter
1430 2768 1474 2792 ex
1499 2756 1684 2793 slmilibus
1714 2767 1777 2791 co-

415 2818 558 2853 dicibus
584 2822 836 2854 enotaverant.
