1981 3390
1441 283 1540 333 465

152 410 273 454 cuius
308 405 551 464 corruptela
594 405 647 447 ad
692 401 804 445 alios
835 413 996 458 paucos
1031 410 1271 458 propagata
1313 411 1402 453 est,
1451 404 1606 445 edidit:

148 489 296 544 Atque
326 488 427 536 ille,
458 488 587 527 etiam
621 485 663 523 si
688 481 954 537 aliquapiam
987 483 1036 521 vi
1060 480 1355 534 expelleretur
1383 481 1475 521 illes
1501 487 1604 522 tem-

144 561 323 622 poribus
349 575 410 605 ex
433 560 517 602 hac
547 558 677 610 urbe,
701 557 855 609 facile
879 561 1120 613 pateretur.
1185 557 1271 600 Sed
1305 558 1456 611 optimi
1489 558 1604 598 codi-

148 656 244 692 ces,
281 641 380 682 Par.
412 647 455 680 et
485 636 640 687 Berm,
675 651 700 678 a
733 635 890 692 quibus
923 635 1065 677 codex
1101 634 1145 677 S.
1174 634 1367 676 Victoris
1404 637 1484 676 vix
1516 635 1603 676 dis-

146 716 372 772 crepabat,
405 723 522 757 recte
555 714 716 756 habent
745 715 837 754 alla
870 717 1085 768 quapiam.
1156 711 1270 754 Illud
1311 711 1497 753 alterum
1525 726 1601 753 vo-

146 793 346 836 eubulum
374 808 513 848 neque
543 794 844 834 auctoritatem
875 789 1006 832 habet
1033 793 1096 841 (et
1131 798 1289 841 tamen,
1322 792 1361 831 si
1393 790 1600 832 Latinum

147 881 262 913 esset
294 885 554 925 pronomen,
604 884 687 911 non
726 884 812 910 uno
847 877 891 909 et
932 867 1069 909 altero
1101 867 1223 920 loco,
1266 868 1340 910 sed
1372 867 1601 923 permultis

148 952 337 1006 positum
368 952 518 999 esset,)
552 957 594 988 et
619 947 672 988 ab
705 948 822 988 omni
851 945 1055 999 analogia
1086 944 1290 986 abhorret
1320 945 1600 1000 longissime;

147 1042 278 1083 quum
307 1028 422 1067 enim
452 1025 618 1080 duplex
653 1027 710 1064 sit
751 1022 990 1064 deducendi
1021 1036 1079 1062 ex
1118 1025 1214 1078 quis
1247 1023 1348 1063 novi
1380 1024 1599 1078 pronomi-

145 1106 212 1145 nis
241 1105 403 1153 forma,
434 1116 522 1143 suae
555 1110 736 1157 utraque
763 1098 1111 1156 significationiS,
1139 1098 1382 1140 coalescere
1416 1107 1614 1156 utraque'

144 1195 228 1222 non
257 1189 413 1236 potest.
481 1179 575 1221 Nec
614 1194 718 1220 sane
753 1177 834 1219 hoc
867 1186 910 1219 et
941 1176 1104 1227 altero,
1148 1191 1231 1233 quo
1265 1186 1467 1228 utuntur,
1500 1178 1597 1220 loco

145 1258 238 1299 ulla
281 1272 412 1299 causa
452 1259 583 1312 positi
625 1256 798 1298 mirifici
842 1255 962 1297 illius
1000 1256 1267 1308 pronominis
1305 1269 1382 1308 pro
1422 1254 1596 1311 vulgari

146 1336 230 1376 dici
259 1344 416 1391 potest.
481 1333 592 1376 Nam
624 1337 754 1376 etiam
782 1336 827 1375 in
859 1332 1023 1375 Tuscul
1051 1332 1132 1385 Ill,
1164 1335 1206 1384 9,
1236 1334 1304 1382 19,
1335 1332 1410 1374 ubi
1441 1347 1594 1375 verum

146 1422 212 1453 est
254 1415 296 1453 in
339 1413 485 1454 codice
525 1414 648 1466 regio
682 1412 873 1466 (Davisii
904 1421 946 1452 et
977 1409 1161 1467 Bel-geri
1201 1411 1450 1451 testimonio
1494 1426 1594 1452 con-

144 1492 393 1542 sentiente),
412 1490 488 1531 alii
501 1500 643 1531 autem
660 1489 817 1531 leviter
829 1489 1047 1538 aberrant,
1065 1488 1357 1544 alt‘quodpc'am
1369 1488 1594 1531 membrum

141 1567 407 1618 intulerunt,
436 1567 554 1619 sola,
588 1570 764 1623 opinor,
806 1570 1077 1616 coniectura,
1106 1575 1154 1606 ut
1185 1568 1269 1607 iam
1304 1565 1486 1607 meliore
1518 1582 1594 1609 au-

143 1646 340 1686 ctoritate
396 1645 634 1700 alae'qtte’dam
685 1659 921 1699 pronomen
971 1643 1138 1699 fingere
1185 1644 1372 1698 possim3
1420 1658 1517 1685 nam
1555 1659 1592 1686 c.

171 1723 212 1773 7,
241 1725 323 1763 14⁰
358 1736 433 1778 pro
465 1723 576 1764 Alta
615 1723 808 1777 quaedam
848 1724 893 1762 in
939 1722 1085 1763 codice
1118 1721 1354 1762 parisiensi
1386 1723 1592 1775 scriptum

143 1808 209 1840 est
235 1799 506 1854 ale‘quoedam.
572 1800 655 1841 Sed
679 1802 810 1841 miror
828 1801 1018 1850 omnino,
1044 1799 1338 1854 doctissimum
1356 1798 1589 1850 hominem,

141 1876 175 1918 Ι.
206 1878 254 1918 F.
288 1876 583 1927 Gronovium,
617 1891 747 1932 quum
777 1876 887 1917 illud
919 1890 1042 1916 suum
1065 1872 1336 1916 ‘vocabulum
1372 1890 1590 1918 exornare

142 1953 292 2004 vellet,
325 1969 408 1995 non
439 1954 575 1996 inulto
605 1954 753 2009 plures
786 1953 1018 2009 collegisse
1044 1952 1187 2001 locos;
1221 1954 1364 1994 mendi
1392 1963 1456 1994 est
1474 1956 1589 1996 enim

140 2045 279 2087 genus
322 2046 407 2072 non
445 2032 709 2088 infrequens.
780 2030 874 2073 Nec
915 2030 1071 2072 melius
1112 2039 1177 2072 est
1222 2030 1404 2073 alterum
1445 2033 1588 2074 simile

141 2123 377 2164 pronomen
414 2110 716 2165 ale'que'squam,
755 2109 867 2164 quod
901 2107 1148 2149 Gronovius
1178 2108 1392 2149 inferebat
1423 2111 1467 2150 in
1499 2110 1589 2152 Cic.

142 2187 194 2227 de
227 2185 377 2228 Divin.
415 2187 456 2228 11
497 2202 533 2228 c.
563 2189 618 2228 50
651 2190 746 2242 (pro
780 2186 1034 2242 quidquam)
1066 2200 1125 2226 ex
1157 2188 1285 2227 unius
1316 2187 1474 2228 codicis
1502 2202 1587 2228 non

139 2266 351 2319 scriptura
391 2265 466 2305 sed
503 2279 678 2315 rasura,
716 2265 932 2320 ediditque
972 2266 1016 2304 in
1051 2264 1168 2305 Livii
1209 2264 1304 2306 loco
1337 2279 1466 2320 supra
1493 2264 1586 2306 lau-

139 2342 264 2393 dato,
316 2344 499 2398 primam
541 2343 775 2384 editionem
820 2350 993 2383 secutus
1033 2345 1134 2393 (nec
1176 2343 1286 2383 ullos
1322 2343 1585 2399 alicuiquam

134 2433 214 2475 pro
249 2433 329 2460 nec
359 2421 470 2460 ullos
504 2421 589 2460 alii
619 2423 830 2473 cuiquam,
863 2419 973 2474 quod
1002 2428 1117 2460 recte
1147 2419 1428 2475 Kreyssigius
1461 2435 1586 2462 revo-

138 2498 280 2547 cavit,
313 2499 459 2538 nescio
490 2511 544 2538 an
579 2511 602 2538 e
639 2497 732 2538 cod.
759 2496 1148 2547 Laurishamensi).
1213 2496 1352 2538 Paulo
1372 2507 1471 2540 ante
1489 2497 1585 2540 fieri

137 2574 218 2613 vix
258 2582 425 2628 potest,
468 2583 515 2615 ut
561 2573 715 2616 Cicero
758 2576 993 2628 siripserit:
1032 2575 1081 2615 id
1119 2575 1270 2615 utilius
1302 2588 1394 2616 esse
1429 2590 1508 2628 per
1539 2590 1585 2615 se

140 2655 392 2690 conservari
429 2664 552 2704 qnam
578 2665 662 2705 per
704 2653 839 2703 alios,
880 2654 989 2708 quod
1022 2651 1244 2702 Graevius,
1288 2651 1455 2692 Orellio
1487 2665 1583 2706 pro-

137 2724 292 2776 bante,
326 2725 520 2780 explicat
549 2736 595 2767 ut
625 2730 701 2769 sit:
742 2744 819 2783 per
849 2730 984 2781 alios,
1025 2732 1096 2786 qui
1131 2729 1208 2770 sub
1239 2731 1382 2784 specie
1413 2743 1584 2771 conser-

138 2803 268 2843 vandi
307 2802 492 2859 plurima
538 2813 659 2846 erant
700 2809 937 2862 correpturi
980 2816 1021 2848 et
1054 2809 1098 2849 in
1138 2821 1238 2848 suas
1272 2820 1393 2848 arcas
1425 2806 1584 2847 diriva-

137 2880 223 2920 turi
256 2879 372 2922 malo
406 2880 678 2934 reipublicae3
710 2886 771 2926 ita
803 2889 1054 2928 conservare·
1080 2887 1160 2927 erit
1191 2897 1274 2925 non
1308 2888 1581 2932 conset-var&

1253 2965 1298 2999 30
