1981 3390
1424 235 1524 286 483

141 359 306 399 tissime
332 355 439 398 illud
472 355 542 397 De
569 366 741 396 rotemero
780 356 821 393 n·
851 355 1030 408 qna-ris,
1079 354 1193 410 quod
1229 355 1415 397 refertur
1445 370 1591 399 neces-

139 438 254 477 sario
279 436 330 476 ad
356 435 557 491 proxime
587 431 899 484 praecedentem
929 432 1331 488 interrogationem,
1361 441 1590 493 antequam

141 495 473 570 respondentur,
532 507 704 550 definiri
756 508 941 560 iubens,
989 524 1073 565 quo
1113 524 1243 552 sensu
1281 512 1591 566 interrogetur.

138 591 385 639 Postremo,
416 596 463 628 ut
492 588 576 628 iam
610 586 873 643 significavi,
918 589 962 628 in
994 587 1071 629 illa
1102 587 1230 629 huius
1260 587 1346 629 loci
1378 590 1591 645 scriptura

136 666 456 708 confunduntur
501 665 697 707 homines
738 667 931 707 maxime
977 666 1167 718 diversi,
1219 668 1447 721 optimates
1498 681 1591 709 rem

135 744 353 800 publicam
395 744 745 785 administrantes
787 752 829 784 et
867 745 923 795 ii,
979 745 1052 799 qui
1097 743 1320 786 voluntate
1360 746 1591 801 optimates

137 824 223 864 sint
254 822 451 864 homines
492 822 675 877 privati,
718 835 804 861 uno
838 820 998 873 verbo,
1039 823 1190 877 optimi
1217 823 1390 877 quique.
1452 822 1590 864 Vides

91 950 94 952 μ
137 902 244 942 vitiu
287 900 568 941 correctionis
609 907 806 946 tentatae;
845 899 944 939 vide
991 913 1102 939 nunc
1143 899 1336 940 codicum
1378 900 1592 954 scriptura

137 992 262 1034 quam
305 979 361 1018 sit
401 991 486 1017 non
527 975 669 1016 solum
711 983 829 1017 recta
872 976 946 1017 sed
994 977 1254 1017 necessaria.
1332 975 1590 1019 Tenendum

138 1064 228 1106 est,
262 1053 493 1109 dupliciter
535 1053 710 1093 omnino
751 1054 887 1108 accipi
920 1055 1175 1109 optimatum
1209 1068 1392 1106 nomen,
1434 1054 1487 1096 de
1521 1056 1589 1106 iis,

136 1133 209 1188 qui
243 1132 307 1173 rei
338 1129 524 1186 publicae
560 1138 677 1171 certo
726 1130 910 1185 quodam
952 1131 1079 1172 modo
1113 1132 1317 1186 praesint,
1361 1140 1403 1173 et
1433 1132 1485 1173 de
1519 1134 1589 1184 iis,

136 1211 209 1266 qui
243 1210 403 1264 privati
445 1207 524 1248 has
563 1216 707 1261 partes
746 1217 981 1263 sequantur
1030 1207 1207 1265 illisque
1248 1224 1294 1251 se
1335 1210 1587 1266 adiungant,

136 1301 229 1342 quae
260 1301 422 1343 genera
454 1294 606 1342 postea
640 1287 795 1327 iterum
830 1285 1155 1340 significantur3
1200 1287 1377 1339 (Omnes
1409 1292 1589 1342 optima·

133 1370 197 1405 tes
227 1370 326 1406 sunt
356 1374 437 1406 etc.
469 1364 521 1404 de
554 1363 621 1404 his
654 1363 967 1417 posterioribus
997 1365 1180 1417 dicitur,
1212 1374 1303 1406 tum
1333 1366 1386 1406 de
1418 1365 1589 1410 alteris:

135 1442 300 1483 Horum
335 1446 412 1497 qui
435 1442 655 1482 voluntate·
679 1464 734 1474 -
767 1442 986 1494 serviunt,
1030 1442 1281 1493 defensores
1321 1448 1587 1498 optimatium

131 1523 363 1575 ipsique
395 1524 706 1574 optimates
732 1524 1080 1574 gravissim-i
1106 1526 1420 1575 munerantur).
1494 1521 1586 1564 Iam

134 1596 312 1649 Cicero,
358 1611 488 1653 quum
528 1598 758 1652 optimates
790 1599 855 1638 rei
885 1597 1070 1654 publicae
1102 1600 1322 1655 principes
1364 1598 1588 1641 definisset

134 1689 209 1716 eos
242 1689 362 1725 esse,
402 1679 480 1731 qui
514 1689 594 1716 sua
627 1676 810 1716 consilia
846 1680 1055 1731 optimo
1096 1680 1302 1732 cuique
1335 1676 1586 1732 probarent,

133 1751 353 1793 oriebatur
385 1754 630 1792 necessario
661 1753 738 1793 illa
771 1755 1082 1815 interrogatio‘:
1128 1753 1234 1801 Quis
1262 1769 1363 1809 ergo
1397 1760 1461 1796 est
1489 1759 1585 1806 isle,

134 1834 208 1871 cui
243 1844 289 1871 se
323 1828 536 1884 probant,
581 1833 762 1883 optimus
795 1833 1006 1886 quisque?
1065 1829 1178 1871 Tum
1214 1830 1313 1872 huic
1345 1833 1586 1887 interroga-

132 1909 239 1949 tioni
280 1908 342 1948 sic
382 1907 691 1962 respondetur,
736 1915 781 1947 ut
823 1921 972 1948 omnes
1013 1909 1205 1949 omnium
1241 1908 1439 1948 ordinum
1481 1907 1585 1949 boni

133 1985 250 2027 cives
283 1984 715 2038 comprehendantur.
773 1985 833 2028 At
865 1987 945 2026 vix
974 1985 1177 2027 Latinum
1209 1985 1340 2028 illud:
1378 1990 1474 2041 quis
1504 1987 1585 2026 isle

131 2068 313 2120 optimus
374 2065 586 2119 quis-qne?
673 2063 788 2106 Huic
859 2073 1113 2119 argumento
1178 2072 1268 2104 tum
1329 2063 1585 2118 responderi

131 2143 316 2198 poterit,
351 2156 507 2197 quum,
535 2142 635 2197 quid
666 2140 1020 2194 reprehendatur,
1055 2143 1303 2195 expositum
1333 2142 1479 2192 fuerit,
1510 2148 1584 2181 aut

134 2221 205 2275 qui
249 2220 425 2260 omnino
468 2217 596 2260 aliter
638 2219 720 2260 dici
762 2220 976 2275 potuerit,
1025 2233 1155 2275 quum
1199 2219 1253 2260 de
1286 2233 1414 2260 sensu
1449 2217 1582 2260 colle-

133 2299 258 2338 ctivae
288 2296 409 2338 illius
439 2296 745 2353 appellationis
785 2300 1141 2352 interrogaretur.
1210 2297 1352 2339 Unum
1391 2304 1457 2336 est
1497 2309 1583 2337 non

131 2375 337 2416 mendose
368 2375 651 2430 descriptum,
696 2374 771 2415 sed
810 2373 864 2416 ab
908 2375 1001 2427 ipso
1043 2373 1253 2416 Cicerone
1290 2375 1582 2423 commissum,

131 2453 242 2509 quod
276 2451 481 2509 ambigua
514 2451 592 2493 illa
623 2466 728 2494 voce
753 2453 1008 2507 optimatum
1029 2453 1091 2494 sic
1120 2460 1186 2493 est
1208 2466 1328 2503 usus,
1363 2460 1424 2503 ut,
1451 2466 1581 2507 quum

133 2532 263 2571 etiam
293 2529 395 2572 illos
427 2531 613 2585 optimos
646 2531 764 2571 cives
785 2531 1015 2587 optimates
1047 2529 1290 2586 appellaret
1319 2545 1398 2570 nec
1420 2543 1582 2585 genera

133 2607 448 2661 distingueret,
493 2608 828 2662 disputationem
858 2607 1037 2663 paulum
1078 2608 1304 2665 impediret
1345 2614 1388 2647 et
1429 2604 1581 2647 obscu-

131 2693 262 2727 raret.
333 2684 485 2726 Restat
524 2683 755 2727 difficultas
801 2686 846 2726 in
890 2700 942 2727 ea
984 2687 1226 2737 sententia,
1277 2699 1404 2740 quam
1449 2682 1580 2739 paulo

132 2770 232 2819 post
265 2764 450 2818 positam
482 2763 545 2805 sic
574 2761 785 2806 edebant:
819 2761 929 2804 Esto
961 2768 1114 2819 igitur,
1144 2770 1190 2805 nt
1221 2762 1270 2803 1ιί
1295 2766 1407 2813 sint,
1435 2761 1580 2817 (quam

132 2845 179 2881 tu
212 2844 428 2882 nationem
453 2841 704 2895 appellasti)
735 2844 814 2897 qm·
833 2846 875 2883 e!
897 2845 1064 2898 integre·
1087 2848 1187 2885 sunt
1209 2846 1253 2882 et
1278 2843 1380 2882 sam·
1403 2845 1445 2881 ee
1475 2839 1581 2881 bene

1235 2921 1278 2956 31
1294 2923 1315 2947 *¹
