1981 3390
1478 211 1536 259 15

153 329 316 372 Catulli
344 331 532 380 amicus,
575 337 675 369 aute
706 325 962 370 Ciceronem
998 329 1280 380 mornutw),
1322 332 1392 384 qui
1419 331 1470 371 de
1509 332 1603 374 Vir-

153 410 248 467 gilii
283 409 398 451 sania
429 422 483 449 ue
509 407 744 448 somniavit
775 407 962 462 quidem.
1025 408 1111 448 Sed
1135 408 1188 449 de
1219 408 1476 462 scriptorum
1508 424 1603 451 ver-

155 489 220 530 bis
254 487 308 530 ab
351 486 505 528 liorum
538 486 882 542 fragmentorum
918 495 1093 528 auctore
1128 488 1270 528 citatis
1303 488 1409 527 satis
1440 487 1602 529 dictum

149 569 257 614 θεῖς’
299 565 566 607 redeundum
613 572 678 606 cst
717 564 770 605 ad
810 566 930 620 ipsos
983 567 1215 621 scriptores
1265 579 1406 621 neque
1457 574 1600 608 tamen

148 658 296 686 omnes
328 644 631 700 persequendi.

266 723 383 765 Satis
415 731 609 774 constat,
667 721 870 776 Augusto
901 722 1165 777 imperante,
1229 731 1386 778 practer
1418 737 1600 780 magnos

148 801 249 842 illos
289 812 331 843 et
373 801 515 843 claros
555 801 701 856 poesis
743 799 913 841 Latinae
949 802 1167 856 principes
1209 801 1425 843 infinitam
1466 817 1600 857 quan-

151 880 278 930 dam,
317 889 361 920 ut
393 878 465 930 fit,
510 877 679 919 turbam
715 878 941 917 exstitisse
973 892 1149 929 eorum,
1191 880 1265 934 qui
1295 880 1477 920 eandem
1509 879 1603 921 lau-

147 957 243 997 dem
286 957 466 1011 adsequi
496 962 779 1002 conarentur3
835 955 933 1010 qui,
984 970 1115 1010 quum
1157 970 1308 998 eorum
1352 971 1486 1012 opera
1525 967 1600 999 aut

145 1033 258 1089 apud
302 1032 492 1089 aequales
534 1034 779 1090 viguissent
817 1041 892 1074 aut
929 1035 1166 1075 amicorum
1205 1044 1322 1076 certe
1356 1044 1400 1076 et
1433 1051 1598 1088 eorum,

144 1112 218 1167 qui
247 1113 391 1153 severi
419 1125 515 1153 esse
545 1110 779 1161 nolebant,
820 1110 1022 1152 laudibus
1056 1126 1142 1153 non
1173 1115 1440 1166 caruissent,
1484 1116 1599 1170 apud

144 1198 341 1244 posteros
366 1199 527 1241 tamen,
560 1192 597 1231 si
623 1203 785 1246 paucos
817 1192 1061 1246 exceperiS,
1089 1191 1324 1243 Pedonem,
1356 1191 1598 1235 Domitium

142 1266 354 1320 Marsum,
384 1268 565 1321 similes,
595 1270 805 1310 memoria
837 1283 923 1310 non
947 1268 1199 1311 floruerunt.
1265 1270 1415 1326 Itaque
1440 1286 1499 1312 ex
1526 1273 1596 1324 iis,

142 1360 250 1402 quos
291 1346 478 1388 Ovidius
517 1348 563 1388 in
600 1345 798 1402 epistolis
841 1361 900 1388 ex
942 1347 1082 1388 Ponto
1125 1357 1168 1388 et
1212 1347 1424 1390 Tristium
1469 1349 1595 1391 libris

140 1426 319 1468 summis
350 1424 552 1466 laudibus
588 1426 888 1480 persequitur,
952 1425 1155 1466 nonnulli
1199 1441 1253 1467 ne
1293 1441 1380 1468 uno
1422 1428 1595 1482 quidem

139 1502 252 1545 alius
286 1504 509 1559 scriptoris
540 1502 636 1544 loco
668 1502 876 1544 hactenus
911 1503 1376 1556 commemorabantur,
1408 1504 1485 1546 alii
1507 1520 1593 1547 uno

139 1591 183 1624 et
204 1582 344 1624 altero
368 1583 582 1638 proximae
608 1583 748 1623 aetatis
769 1583 1043 1637 scriptorum.
1099 1582 1268 1625 Horum
1289 1586 1449 1640 scripta
1466 1599 1594 1626 nemo

139 1676 166 1703 a
199 1660 473 1711 Quintiliano
516 1669 560 1702 et
603 1662 696 1702 eius
730 1659 971 1716 aequalibus
1003 1659 1118 1702 lecta
1151 1670 1194 1702 et
1226 1663 1270 1702 in
1312 1663 1466 1704 studiis
1508 1672 1594 1704 tra·

139 1748 253 1781 ctata
283 1740 540 1780 existimare
575 1747 740 1795 potest,
787 1738 841 1780 ab
871 1739 1091 1780 inferioris
1125 1742 1264 1781 aetatis
1297 1743 1592 1797 grammaticis

138 1827 305 1859 tantum
335 1817 474 1870 abest,
503 1826 551 1859 ut
578 1817 692 1860 lecta
725 1819 827 1869 sint,
865 1826 913 1859 ut
943 1826 1034 1859 tum
1068 1820 1307 1868 maximam
1342 1829 1509 1875 partem
1537 1834 1591 1861 ne

136 1896 404 1952 superfuisse
442 1897 614 1952 quidem
656 1895 883 1952 probabile
919 1897 1142 1946 videatur-3
1201 1913 1251 1939 ac
1281 1900 1316 1938 si
1351 1899 1592 1953 superfuis-

139 1983 259 2025 sent,
290 1976 336 2015 in
368 1983 557 2016 mentem
591 1983 734 2016 tamen
766 1976 931 2015 nemini
959 1976 1178 2026 venisset,
1210 1977 1265 2016 iis
1295 1977 1357 2015 uti
1391 1977 1435 2016 in
1464 1975 1589 2016 scho-

138 2051 220 2102 lis,
274 2053 318 2092 in
359 2051 670 2107 quaestionibus
713 2052 1031 2107 grammaticis,
1098 2053 1143 2092 in
1195 2060 1420 2108 poetarum
1466 2052 1588 2094 nobi·

138 2129 297 2171 liorum
330 2131 618 2171 enarratione.
683 2129 985 2171 versabantur
1027 2130 1143 2171 enim
1176 2131 1220 2171 in
1262 2130 1425 2172 scholis
1468 2134 1586 2173 etin

138 2207 338 2250 manibus
371 2208 475 2248 certi
506 2207 764 2263 scriptoreS,
823 2209 896 2263 qui
930 2222 1132 2264 magnam
1172 2210 1472 2250 auctoritatem
1502 2212 1587 2251 cito

138 2286 359 2328 consecuti
391 2285 504 2326 hunc
535 2284 679 2327 locum
712 2287 890 2342 antiqua
918 2287 1195 2342 possessione
1224 2286 1484 2338 retinebant,
1509 2303 1588 2344 pro

137 2364 294 2421 quibus
326 2366 500 2420 ignotos
541 2363 643 2405 illos
676 2379 804 2406 nemo
839 2373 1121 2406 revocaturus
1156 2373 1261 2407 erat.
1336 2365 1488 2422 Itaque
1532 2381 1587 2408 ne

136 2446 181 2484 in
225 2431 546 2484 commentariis
591 2444 763 2499 quidem
812 2445 1194 2500 grammaticorum
1241 2445 1287 2484 in
1329 2445 1586 2500 Virgilium,

135 2530 182 2563 ut
212 2521 295 2563 hoc
323 2523 558 2577 attingam,
597 2521 690 2563 ulla
721 2523 803 2563 fuit
834 2537 1023 2579 unquam
1057 2521 1214 2573 Tusci,
1256 2521 1394 2578 Lupi,
1439 2523 1587 2564 huius-

136 2601 252 2644 modi
285 2599 617 2657 quisquiliarum
646 2602 823 2642 mentio.
914 2601 1019 2642 Post
1063 2599 1314 2642 Cassiodori
1349 2615 1450 2642 vero
1484 2610 1583 2642 aeta-

136 2690 223 2723 tem
265 2680 303 2721 si
336 2679 432 2736 quis
477 2677 641 2723 horum—
671 2681 800 2723 unius
835 2679 981 2724 locum
1009 2694 1095 2722 non
1135 2678 1188 2722 ab
1221 2677 1309 2722 alio
1351 2665 1582 2735 sumptum,

164 2836 202 2880 ι)
227 2837 302 2874 Cic.
328 2838 436 2876 Brut.
461 2837 520 2882 81,
543 2837 622 2875 280.
