1981 3390
1490 196 1556 244 67

171 327 247 358 nes
271 311 426 355 molles
449 311 502 353 ad
521 322 645 374 crura
667 322 693 350 a
717 308 881 364 frigore
904 308 1174 353 defendenda
1208 312 1439 355 utebantur
1473 326 1619 358 contra

171 402 362 434 veterem
373 390 664 432 Romanorum
680 400 858 435 moretm
872 388 955 428 nisi
969 390 1063 443 quis
1079 397 1214 444 putat,
1229 389 1430 432 Catilinae
1444 391 1619 448 elegan-

169 477 256 512 tem
285 470 571 516 iuventutem,
605 479 732 521 quam
763 463 917 506 Cicero
949 465 1097 517 (Catil.
1122 467 1180 519 Π,
1214 470 1286 520 1⁰)
1319 474 1548 511 maniculis
1578 478 1620 511 el

167 546 380 589 talaribus
410 549 571 586 ἰηιιίειέ
603 546 666 585 uti
696 544 814 595 dicit,
831 545 1121 599 Ε(Ιίεοίηοΐειῐιι,
1152 546 1194 587 id
1225 555 1316 598 est,
1343 547 1619 604 negligenter

167 626 284 666 vesti
331 638 373 666 m
402 624 554 665 fuisse.
611 622 763 680 Itaque
795 624 1066 665 incommode
1100 639 1230 676 sane,
1261 627 1334 681 qui
1363 626 1618 668 discinctum

166 694 285 758 signi
318 687 461 754 earet,
498 703 697 743 demissis
742 703 899 743 tunicis
954 717 1049 743 esse
1099 703 1286 755 diceret,
1329 705 1442 759 quod
1486 705 1618 747 latius

166 789 300 838 patet.
391 781 478 822 Sed
533 780 615 821 hoc
665 781 832 821 mittam
881 780 1106 836 dicamque
1159 782 1271 836 quod
1315 783 1494 838 gravius
1537 792 1617 823 est.

171 858 316 909 Quum
348 858 474 900 multi
509 859 604 899 sine
642 856 774 898 dubio
803 856 958 898 molles
989 871 1039 898 ac
1068 857 1243 898 delicati
1281 867 1426 899 essent
1452 859 1617 911 Romae,

170 950 350 991 quorum
393 937 566 976 nomina
605 935 840 975 memoriae
884 934 1015 975 iidem
1058 935 1291 990 scriptores
1342 949 1429 977 non
1469 937 1615 991 prodi·

166 1014 344 1064 derunt,
393 1014 466 1068 qui
497 1013 541 1052 in
573 1011 816 1053 clarissimo
847 1011 1022 1053 homine
1055 1021 1098 1054 et
1129 1015 1431 1069 potentissimo
1463 1015 1507 1055 id
1541 1030 1616 1057 no-

162 1098 335 1142 tarunt,
376 1104 488 1142 non,
534 1091 778 1146 quicunque
807 1089 1049 1132 Maecenate
1092 1093 1195 1133 vivo
1233 1091 1423 1148 aliquem
1458 1093 1613 1135 tunicis

164 1169 364 1209 demissis
416 1167 639 1210 ambulare
681 1167 875 1219 dicebat,
918 1169 1031 1224 quod
1075 1170 1126 1210 de
1172 1172 1377 1212 universa
1418 1171 1612 1213 mollium

164 1254 206 1287 et
249 1245 532 1289 delicatorum
586 1246 764 1288 cohorte
790 1247 898 1288 *dici
948 1254 1145 1302 poterat',
1193 1248 1479 1290 Maecenatem
1515 1250 1612 1291 ideo

162 1323 456 1381 significabat,
487 1326 525 1365 si
549 1324 683 1366 alium
711 1325 975 1366 nominabat.
1034 1325 1185 1382 Itaque
1213 1326 1310 1367 aliis
1345 1329 1613 1382 argumentis

162 1403 542 1443 demonstrandum
578 1399 669 1454 est,
715 1402 980 1444 Malthinum
1016 1418 1102 1444 non
1146 1419 1249 1445 vero
1292 1407 1465 1446 nomine
1496 1404 1612 1447 Mal-

162 1479 332 1521 thinum
366 1493 478 1532 esse,
513 1481 588 1521 sed
620 1480 921 1522 Maecenatem.
983 1480 1070 1522 ”At
1103 1483 1314 1523 eiusmodi
1345 1493 1409 1524 est
1440 1498 1611 1536 nomen,

164 1566 234 1610 ut,
264 1572 350 1599 non
374 1567 539 1600 mutata
566 1558 833 1613 syllabarum
864 1560 1118 1614 quantitate,
1148 1560 1374 1601 checenas
1405 1560 1610 1602 substitui

162 1641 330 1691 queat.”
393 1637 570 1679 Scilicet
603 1646 814 1679 sexcenta
845 1647 945 1678 sunt
980 1638 1170 1688 nomina,
1201 1639 1245 1678 in
1279 1653 1372 1694 quie
1405 1639 1447 1680 id
1470 1640 1607 1681 cadat.

160 1714 326 1756 Verum
378 1730 463 1756 non
517 1717 764 1771 argumenti
815 1715 956 1756 solum
1011 1718 1054 1756 in
1108 1731 1159 1756 eo
1217 1716 1328 1757 nihil
1384 1726 1475 1768 est,
1532 1719 1607 1758 sed

160 1795 336 1836 omnino
369 1808 423 1835 ne
456 1794 497 1834 id
531 1794 703 1849 quidem
725 1795 807 1834 ista
829 1793 1079 1835 observatio
1103 1793 1253 1854 effic-it,
1286 1805 1332 1835 ut
1351 1795 1480 1837 liceat
1494 1795 1608 1837 Mal-

157 1871 324 1912 thinum
340 1886 417 1927 pro
435 1871 674 1913 Maecenate
698 1873 798 1927 poni
820 1874 1013 1928 potuisse
1034 1882 1199 1928 putare.
1257 1856 1427 1915 &amin
1444 1883 1607 1914 amato-

157 1950 235 1989 riis
268 1949 348 1989 hoc
366 1949 628 1990 carminibus
646 1950 824 1990 -factum
852 1964 963 1999 esse,
995 1952 1199 1990 traditum
1230 1961 1306 1999 est,
1341 1966 1365 1991 a
1398 1951 1606 1992 Romanis

158 2027 315 2080 poetis,
346 2034 393 2065 ut
412 2039 488 2080 pro
517 2040 619 2066 vero
645 2027 818 2066 nomine
839 2025 974 2076 aliud,
1003 2040 1089 2067 non
1123 2026 1271 2068 fictum
1303 2027 1519 2069 subtiliter
1552 2029 1605 2070 ad

158 2117 389 2157 personam
428 2117 505 2158 per
552 2102 860 2159 etymologiam
901 2102 1257 2158 significandam,
1303 2107 1432 2161 (quod
1461 2105 1530 2148 illi
1558 2108 1603 2147 in

158 2179 365 2221 Malthini
411 2182 585 2221 nomine
630 2181 790 2222 factum
843 2190 1017 2236 putant,
1072 2182 1221 2234 obliti,
1266 2183 1380 2224 unde
1420 2184 1604 2239 profecti

157 2247 277 2311 sint,)
305 2258 380 2299 sed
409 2260 684 2314 peregrinum
715 2258 983 2315 plerumque,
1013 2262 1218 2302 usitatum
1247 2270 1392 2303 tamen
1422 2271 1496 2303 aut
1525 2262 1604 2303 ali-

157 2336 326 2392 quando
356 2335 650 2388 celebratum,
679 2346 888 2393 perpetuo
918 2339 1209 2395 ponerent¹)‚
1257 2349 1303 2381 ut
1334 2340 1387 2382 ab
1417 2341 1497 2392 iis,
1531 2341 1604 2396 qni

155 2415 311 2456 secreti
350 2417 512 2456 conscii
550 2423 719 2466 essent,
757 2430 908 2457 verum
943 2416 1098 2458 subiici
1140 2426 1301 2474 posset.
1391 2419 1431 2460 A
1470 2420 1604 2460 satira

156 2491 353 2533 Romana
399 2495 578 2549 eiusque
609 2495 812 2535 universa
846 2496 1013 2537 ratione
1049 2495 1130 2537 hoc
1163 2497 1270 2538 adeo
1301 2505 1366 2538 est
1397 2496 1602 2547 alienum,

154 2578 203 2610 ut
238 2570 310 2611 vel
343 2569 397 2611 ob
434 2571 544 2613 hanc
583 2587 712 2614 unam
752 2560 928 2614 causam
961 2576 1102 2615 omnis
1135 2577 1218 2617 ista
1250 2576 1440 2630 suspicio
1480 2574 1602 2615 reiici

179 2686 219 2729 ²)
243 2686 372 2731 Longe
397 2691 522 2723 tamen
548 2689 679 2723 absum
706 2689 753 2724 ab
780 2701 915 2724 eorum.
933 2689 1130 2732 sententia,
1152 2690 1215 2736 qui
1226 2691 1489 2737 quasitabulas
1514 2701 1602 2723 con-

244 2746 411 2793 signatas
435 2749 483 2782 ad
513 2761 620 2784 veras
644 2761 791 2796 semper
817 2762 1016 2796 personae,
1051 2763 1131 2792 res,
1166 2757 1337 2797 tempora
1366 2751 1602 2796 pertinentes,

248 2818 320 2842 non
347 2810 537 2852 carmina,
561 2822 600 2846 sc
626 2812 753 2857 legere
779 2817 934 2857 putant,
961 2823 1076 2856 quum
1101 2814 1289 2860 elegiae-os
1318 2815 1459 2858 legunt.

1287 2878 1338 2913 ὃ*
