1981 3390
1439 203 1537 258 '65

150 331 465 372 auctoritatem.
540 324 808 370 Scholiastas
849 334 1113 382 sequuntur,
1155 336 1203 368 ut
1244 331 1484 385 proeeipuos
1525 344 1600 372 no-

147 408 334 457 minem,
369 404 644 456 Torrentius,
677 403 982 456 Heindorfius,
1015 402 1305 446 Buttmannus
1334 405 1498 460 (Ueber
1522 407 1599 448 das

150 482 502 526 Geschichtliche
546 482 633 523 und
673 483 746 524 die
773 482 1109 539 Anspielungen
1142 484 1202 524 im
1227 482 1410 538 Horaz),
1449 498 1597 540 quem-

147 563 361 617 que'iam
395 561 644 611 nominavi,
676 559 985 610 lVeichertus3
1024 561 1324 603 dissenserunt
1342 562 1598 615 Lambinus,

144 639 440 691 WVielandius,
472 640 520 681 F.
554 638 610 680 A.
642 637 838 681 Wolfius
869 641 932 691 (in
962 638 1162 681 Analect.
1192 639 1308 683 liter.
1340 643 1380 682 1.
1410 657 1450 696 p.
1479 643 1595 693 ¹267).

143 715 361 759 Maecenas
404 719 442 759 si
485 717 758 768 excluditur,
798 717 1009 758 Horatius
1052 717 1303 774 generalem
1335 720 1597 760 sententiam

144 796 352 851 exemplo
368 794 542 836 habitus
564 803 606 836 et
619 796 755 836 vestis
771 797 897 836 evita
912 796 1177 850 quotidiana,
1205 804 1252 835 ut
1265 795 1391 847 solet,
1421 804 1594 852 sumpto

145 883 187 915 et
209 874 263 916 ob
292 873 440 916 oculos
458 874 601 928 posito
618 873 679 912 ita
700 871 920 922 declarat,
955 879 1001 911 ut
1023 885 1083 912 ex
1107 871 1235 912 turba
1259 872 1594 915 homuncionem

143 950 424 1007 singulariter
463 951 509 989 in
552 947 726 1003 vulgari
767 947 916 1004 aliqua
952 950 1169 1003 pravitate
1213 949 1508 992 excellentem
1550 962 1594 993 et

142 1028 197 1070 ob
226 1028 271 1068 id
301 1035 392 1068 tum
423 1034 600 1077 notum,
634 1025 709 1066 sed
741 1025 794 1066 de
825 1040 909 1082 quo
943 1025 1055 1067 nihil
1083 1027 1136 1068 ad
1158 1036 1357 1083 posteros
1376 1029 1593 1084 perlatum

139 1118 236 1146 esse
266 1105 444 1146 minime
475 1105 632 1145 mirum
665 1106 746 1156 sit,
773 1105 819 1145 in
853 1112 1101 1146 transcursu
1133 1108 1414 1162 perstringat,
1445 1122 1593 1163 quem-

140 1183 370 1224 admodum
412 1183 518 1224 faeit
557 1184 702 1224 statim
731 1168 936 1238 proitimo
969 1198 1101 1225 versu
1133 1185 1178 1224 in
1209 1183 1374 1226 Rufillo
1412 1194 1455 1226 et
1483 1185 1593 1228 Gar·

140 1263 300 1318 gonio,
345 1259 705 1317 quemadmodum
735 1260 862 1302 initio
902 1262 1046 1302 satirae
1078 1261 1322 1313 Fufidium,
1364 1263 1469 1304 alibi
1501 1263 1591 1306 No-

140 1348 415 1391 mentanum,
447 1325 681 1390 Maeniiun,
713 1338 958 1394 complures
989 1338 1100 1380 alios
1132 1341 1323 1396 corripit.
1383 1340 1475 1383 Nec
1506 1342 1591 1384 dici

139 1418 371 1472 quidquam
404 1419 558 1472 possit,
591 1432 665 1458 cur
695 1431 748 1458 ea
774 1419 991 1458 sententia
1018 1432 1104 1458 non
1133 1420 1296 1474 optima
1322 1420 1393 1470 sit,
1430 1420 1589 1475 quidve

135 1495 405 1537 desideretur
438 1495 640 1550 amplius.
703 1493 916 1536 Malchini
947 1503 1091 1537 autem
1124 1509 1305 1548 nomen,
1341 1498 1454 1552 quod
1481 1497 1589 1540 alibi

134 1587 222 1614 non
259 1572 350 1628 legi
379 1573 662 1615 weichertus
702 1575 859 1614 mirum
891 1582 1041 1629 putat,
1080 1575 1117 1614 si
1153 1576 1247 1615 veri
1290 1573 1478 1616 hominis
1517 1578 1588 1627 sit,

135 1655 221 1693 iam
264 1649 489 1692 Bentleius
537 1651 688 1693 eadem
738 1651 968 1708 analogia,
1026 1666 1111 1707 qua
1158 1651 1377 1704 Paullini,
1424 1653 1587 1706 Rufini,

135 1727 336 1780 Balbini,
399 1730 588 1782 similia,
645 1730 799 1771 deduci
850 1730 1041 1771 ostendit
1093 1728 1148 1771 ab
1201 1731 1363 1772 usitato
1418 1731 1587 1775 Malchi

136 1809 419 1863 cognomine,
463 1808 575 1864 quod
591 1799 661 1849 'in
695 1807 1050 1864 inscriptionibus
1079 1816 1145 1849 est
1172 1817 1218 1855 et
1249 1823 1306 1868 elx
1338 1824 1421 1864 quo
1452 1811 1586 1852 dedu-

134 1886 245 1926 citur
283 1885 424 1927 altera
463 1901 635 1942 quoque
675 1887 815 1928 forma
862 1886 1083 1936 ῙιΙιιΙεῆἰο,
1132 1888 1493 1942 quemadmodum
1525 1902 1586 1930 ex

135 1976 214 2012 eo,
249 1963 362 2017 quod
393 1971 459 2004 est
494 1964 656 2015 Rtfiw,
687 1973 729 2005 et
760 1964 947 2015 Refinus
981 1962 1030 2003 fit
1061 1972 1104 2004 et
1134 1964 1288 2013 Rufio,
1330 1966 1461 2005 etiam
1492 1966 1584 2007 Ru-

119 2037 264 2088 fillus.
321 2039 420 2081 Uno
442 2049 586 2081 autem
620 2041 701 2081 hoc
730 2040 826 2082 loco
860 2041 902 2080 id
937 2039 1054 2095 legi,
1088 2054 1173 2081 non
1205 2040 1391 2082 debebat
1420 2045 1584 2097 mirari,

134 2117 208 2170 qui
248 2118 292 2156 in
332 2119 534 2172 proximo
578 2133 707 2159 versu
749 2117 902 2160 Rufilli
946 2132 1103 2159 nomen
1152 2120 1332 2160 miratus
1374 2134 1460 2162 non
1501 2130 1581 2173 est,

133 2206 219 2234 non
262 2196 402 2249 magis
448 2194 555 2236 alibi
587 2197 801 2250 positum,
834 2211 914 2237 nec
946 2198 990 2236 in
1024 2196 1105 2237 hac
1134 2198 1230 2252 ipsa
1259 2198 1393 2238 satira
1421 2197 1584 2242 Fufidii

131 2279 174 2312 et
207 2270 439 2327 Cupiennii
472 2281 546 2314 aut
574 2274 619 2314 in
650 2273 731 2325 IV,
774 2275 857 2315 112
889 2274 1088 2325 Scetani,
1133 2274 1304 2316 ne‘alia
1344 2277 1582 2319 corradam.

131 2348 209 2389 Est
249 2347 331 2391 hoc
375 2352 509 2406 igitur
554 2366 613 2393 ex
643 2353 728 2402 iis,
781 2366 875 2408 quae
915 2353 1065 2394 mirari
1107 2361 1197 2393 tum
1237 2354 1408 2396 demum
1449 2355 1581 2408 subit,

133 2442 263 2483 quum
294 2431 563 2485 suspiciones
598 2431 844 2486 quaerimus.
899 2429 1147 2472 Videndum
1167 2440 1232 2472 est
1248 2433 1396 2488 igitur,
1429 2435 1583 2490 ecquid

129 2507 209 2556 sit,
254 2522 328 2548 cur
374 2507 427 2548 ab
471 2508 552 2549 hac
590 2510 947 2564 interpretatione
979 2509 1237 2550 discedatur.
1298 2509 1583 2554 Maecenat-em

129 2572 252 2639 tangi
289 2585 454 2626 dicunt.
517 2586 580 2637 Id,
613 2588 648 2627 si
676 2587 847 2642 quidem
871 2586 1233 2643 essehocaliquid
1249 2588 1390 2640 debet,
1423 2592 1584 2632 nonita

129 2661 321 2720 intelligi
355 2663 498 2715 debet,
528 2673 589 2715 ut,
620 2664 732 2720 quod
763 2665 809 2705 in
841 2673 957 2706 certo
991 2664 1165 2707 homine
1198 2665 1405 2708 Horatius
1437 2682 1582 2723 repre·

133 2738 356 2793 henderit,
387 2743 431 2783 id
460 2742 514 2783 ad
545 2740 828 2784 Maecenatem
860 2757 1056 2799 quoque,
1100 2753 1148 2784 ut
1181 2745 1234 2786 ad
1266 2744 1425 2786 multos
1457 2745 1582 2797 alios,

133 2815 245 2857 trahi
278 2822 471 2872 potuisse
507 2828 580 2862 aut
612 2823 744 2863 etiam
773 2819 1025 2862 Maecenatis
1059 2824 1365 2879 cogitationem
1398 2823 1579 2866 Horatio

1297 2903 1319 2934 5
