1981 3390
1460 215 1555 266 113

173 351 348 391 tassem,
378 338 626 381 indicarem.
691 334 897 379 Codieem
929 333 1247 389 aronensem,
1286 349 1349 380 ex
1377 351 1477 394 quo,
1509 341 1622 394 quod

173 430 215 460 et
243 421 430 474 optimus
462 425 529 457 est
559 424 602 457 et
631 414 724 456 fere
756 413 878 456 solus
911 423 1110 457 accurate
1140 414 1423 467 collatuspin
1457 414 1624 471 aliquot

173 494 440 538 orationibus
469 491 607 535 multa
638 494 848 535 sumenda
888 502 1037 546 erant,
1079 496 1336 537 nominatim
1365 493 1623 550 plerumque

171 566 416 630 appellavi,
455 581 622 614 ceteros
661 587 786 624 raro,
840 573 1056 615 interdum
1098 587 1151 614 ne
1196 588 1347 615 eorum
1387 574 1622 614 auctoritas

168 651 281 692 falso
311 650 618 692 obtenderetur
646 650 908 692 lectionibus
941 666 966 692 a
988 666 1055 692 me
1078 653 1265 693 reiectis.
1329 651 1497 694 Verum
1531 651 1623 692 haec

169 736 256 770 tam
289 728 435 771 brevis
469 730 690 770 adnotatio
733 738 780 770 ut
810 728 939 770 fidem
973 730 1116 770 facere
1153 739 1319 786 potest,
1364 729 1474 770 nihil
1516 743 1620 770 casu

169 809 398 857 variatum,
431 809 508 858 ita,
541 821 668 863 quam
700 807 861 863 ubique
895 808 1153 849 emendandi
1184 810 1397 849 rationem
1429 816 1472 848 et
1503 809 1619 848 viam

169 895 343 926 secutus
372 887 469 936 sim,
501 899 561 926 ex
592 899 644 926 ea
676 899 762 925 non
793 883 1072 940 intelligitur,
1104 885 1233 939 idque
1262 884 1488 925 difficilius
1523 900 1619 939 per-

167 972 362 1019 spectum
403 963 455 1002 iri
487 962 614 1003 video
646 970 824 1017 propter
863 970 1097 1017 apparatus
1135 963 1300 1013 critici,
1345 976 1429 1018 quo
1468 963 1511 1002 in
1554 962 1620 1002 his

166 1039 436 1081 orationibus
468 1041 653 1090 utimur,
697 1054 851 1096 genus.
928 1040 984 1080 Et
1025 1042 1180 1081 ceteris
1224 1042 1398 1097 quidem
1432 1039 1621 1081 sufficiet

165 1117 351 1160 fortasse
381 1117 485 1159 fidei
518 1126 560 1159 et
593 1119 806 1160 cautionis
832 1119 1071 1174 professio3
1105 1119 1218 1174 apud
1246 1133 1321 1160 eos
1354 1128 1515 1170 autem,
1549 1120 1623 1175 qui

165 1195 358 1238 iudicare
403 1197 485 1250 ipsi
525 1196 578 1237 de
621 1196 706 1238 hoc
753 1211 915 1252 genere
955 1196 1136 1249 volunt,
1186 1199 1300 1240 inter
1350 1212 1458 1254 quos
1497 1208 1623 1239 erunt

166 1274 353 1315 sortasse
387 1282 429 1315 et
462 1274 544 1325 illi,
577 1277 650 1331 qui
679 1277 724 1315 in
755 1275 949 1316 docendo
982 1275 1063 1316 hoc
1095 1274 1208 1316 libro
1241 1284 1431 1327 utentur,
1464 1284 1507 1316 et
1537 1275 1620 1327 illi,

168 1353 239 1408 qui
273 1360 402 1393 extra
431 1352 619 1405 scholas,
659 1354 916 1394 temeritatis
948 1361 990 1393 et
1025 1352 1221 1394 libidinis
1251 1355 1544 1408 suspicionem
1578 1363 1621 1395 et

168 1431 329 1471 crimen
371 1429 533 1472 habere
575 1440 714 1473 totum
755 1432 980 1486 negotium
1022 1433 1209 1486 poterit,
1253 1433 1363 1482 nisi,
1403 1447 1534 1487 quum
1578 1440 1622 1473 et

165 1507 383 1564 permulta
430 1510 633 1549 mutarim
675 1517 719 1550 et
762 1523 787 1550 a
833 1510 1125 1550 recentiorum
1177 1509 1390 1550 editorum
1447 1510 1621 1550 iudiciis

165 1586 415 1642 frequenter
454 1586 753 1638 discesserim,
802 1586 967 1642 aliquid
1010 1586 1164 1628 saltem
1203 1587 1256 1628 de
1302 1588 1445 1628 causis
1491 1586 1619 1627 huius

167 1665 233 1705 rei
270 1664 442 1707 dixero.
520 1665 608 1707 Sed
652 1663 834 1707 difficile
876 1674 944 1706 est
983 1666 1290 1721 disputationis
1331 1666 1490 1707 criticae
1532 1664 1620 1705 late

167 1742 373 1798 dispersae
405 1745 630 1785 materiam
660 1745 706 1784 in
738 1759 972 1800 paucarum
1009 1745 1268 1800 paginarum
1300 1744 1488 1799 spatium
1521 1757 1620 1783 con-

167 1819 355 1862 trahere.
436 1821 589 1878 Itaque
632 1837 764 1878 quum
810 1837 950 1879 neque
1003 1821 1178 1877 singula
1217 1823 1420 1877 persequi
1455 1822 1620 1876 possim

167 1911 308 1954 neque
342 1899 395 1940 ad
425 1908 542 1941 certa
572 1915 736 1955 genera
765 1900 1014 1941 huiusmodi
1042 1901 1302 1955 quaestiones
1335 1898 1463 1939 facile
1492 1911 1620 1938 revo-

169 1989 291 2027 care,
330 1991 470 2031 pauca
510 1979 649 2019 dicam
691 1979 744 2019 de
777 1980 985 2018 universa
1017 1991 1064 2017 re
1098 1975 1487 2030 exemplorumque
1523 1983 1617 2015 tan-

169 2061 261 2094 tum
290 2053 472 2105 addam,
515 2063 563 2095 ut
595 2055 828 2095 admonere
873 2055 1036 2109 peritos
1074 2054 1269 2109 possint,
1309 2060 1356 2092 ut
1384 2053 1429 2093 in
1461 2054 1617 2094 ceteris

169 2145 341 2186 quoque
371 2146 440 2172 me
473 2140 547 2172 aut
573 2134 875 2174 auctoritatem
902 2140 976 2173 aut
999 2131 1213 2173 rationem
1242 2128 1517 2186 probabilem
1549 2143 1617 2171 se-

168 2217 314 2250 cutum
347 2223 443 2250 esse
475 2218 642 2265 putent.

288 2285 481 2328 Primum
512 2288 661 2343 igitur,
691 2289 894 2344 quoniam
923 2286 1006 2328 hoc
1031 2294 1098 2328 est
1123 2284 1452 2328 fundamentum
1480 2285 1620 2326 omnis

164 2364 508 2416 emendationis,
548 2364 769 2417 adhibito,
813 2365 1015 2423 quicquid
1049 2373 1283 2421 apparatus
1316 2364 1454 2405 critici
1488 2362 1620 2405 colle-

169 2449 285 2484 ctum
317 2451 398 2494 est,
430 2445 575 2485 onmia
604 2443 738 2486 retuli
767 2445 820 2486 ad
846 2444 1194 2500 investigandam
1224 2443 1448 2497 scripturae
1474 2449 1621 2482 aucto·

169 2521 370 2572 ritatem,
411 2521 464 2563 de
500 2537 585 2578 qua
624 2537 672 2564 re
702 2523 830 2565 multi
866 2536 953 2564 non
984 2531 1102 2565 recte
1141 2521 1356 2572 iudicant,
1396 2520 1507 2576 quod
1541 2519 1619 2560 has

142 2637 149 2643 ,
171 2600 394 2641 orationes
422 2599 560 2642 multo
592 2603 791 2644 severius
813 2602 867 2644 ad
893 2601 1062 2644 codices
1087 2608 1266 2642 exactas
1295 2606 1463 2656 putant,
1493 2610 1621 2653 quam

169 2663 332 2720 factum
362 2686 443 2722 est.
512 2677 703 2736 Inspecti
729 2681 845 2722 enim
873 2679 1080 2737 permulti
1113 2679 1285 2722 codices
1317 2684 1433 2728 sunt,
1473 2673 1621 2717 collati

170 2758 375 2811 perpauci
405 2757 481 2809 ita,
520 2766 584 2810 ut,
616 2759 719 2816 quid
751 2758 912 2816 ubique
942 2757 1148 2810 habeant,
1179 2762 1360 2798 constet.
1429 2752 1503 2795 Ex
1535 2763 1620 2808 quo

166 2827 253 2882 fit,
297 2841 369 2884 ut,
410 2849 501 2891 quae
533 2835 666 2880 lectio
706 2845 886 2896 propter
917 2837 1132 2881 editorum
1170 2833 1390 2878 silentium
1419 2843 1621 2888 magnam

1339 2915 1362 2947 8
