1981 3390
8 1479 9 1483 „
0 1222 10 1456 ῤ-Ἲ-«ῌ
0 999 10 1244 -ξτΣ--ῂ

1415 235 1503 283 161

127 365 225 395 care
257 350 386 395 debet
416 351 562 407 (idque
591 351 696 392 facit
724 363 760 392 c.
788 350 843 402 7,
881 351 936 391 22
966 356 1008 391 et
1039 362 1075 390 c.
1104 351 1155 400 9,
1190 351 1275 401 27).
1338 351 1456 408 Ergo
1484 367 1571 397 non

125 434 276 472 essetis
305 428 579 485 hypothetice
609 425 740 468 scribi
772 429 936 482 potuit,
968 429 1067 478 (nec
1099 434 1189 468 tum
1219 435 1335 468 recte
1367 442 1570 483 sequere-

124 515 194 548 tur
225 504 502 565 confitebory
535 505 612 544 sed
644 507 759 544 estis.
821 503 1088 558 Frequenter
1119 505 1164 544 in
1192 503 1440 546 huiusmodi
1470 519 1569 546 sen-

120 584 266 623 tentiis
298 580 686 630 conditionalibus,
726 582 918 620 maxime
947 589 1043 635 post
1075 585 1259 631 etiamsi,
1304 582 1566 623 indicativus

122 661 167 698 in
199 659 521 698 coniunctivum
557 673 581 698 a
609 657 798 698 librariis
828 660 1084 709 mutatui-¹).
1142 658 1269 698 Edidi
1290 660 1443 714 igitur:
1475 665 1566 700 lra-

120 734 287 774 ‹liluros
304 733 470 783 fuisse.
533 733 726 775 Etiamsi
763 749 790 775 a
828 735 938 775 Varo
970 740 1013 775 et
1043 734 1294 788 quibusdam
1333 736 1436 777 allis
1460 749 1566 791 pro-

119 809 250 852 hibet-a·
271 814 398 859 estis,
433 823 510 864 ego
540 816 682 851 tamen
717 810 974 861 cotfitebor,
1007 817 1088 851 etc.

241 886 465 927 Orationis
508 901 585 942 pro
627 901 731 942 rege
770 886 979 927 Deiotaro
1013 888 1140 926 unius
1170 895 1324 938 praeter
1354 901 1477 938 eum,
1510 888 1563 929 de

120 977 204 1018 quo
233 977 363 1016 supra
395 963 491 1002 dixi
521 966 576 1013 (c.
607 964 660 1012 3,
698 964 767 1013 Β),
800 961 886 1002 loci
919 961 1162 1002 emendatio
1196 961 1264 1002 hic
1294 963 1454 1003 tuenda
1482 974 1565 1014 est,

116 1054 152 1080 c.
183 1041 251 1089 1⁰,
283 1041 353 1089 29,
384 1052 510 1094 quem
543 1037 687 1078 locum
717 1039 779 1079 ita
811 1037 1006 1078 Orellius
1036 1039 1229 1091 scripsit:
1278 1037 1414 1086 Quum
1446 1053 1564 1090 vero,

118 1119 319 1157 exercitu
349 1118 519 1165 amisso,
549 1128 644 1169 ego,
676 1118 754 1169 qen·
772 1118 902 1168 pacis
929 1121 1082 1156 auctor
1108 1128 1286 1168 semper,
1306 1122 1413 1169 post
1425 1116 1561 1158 Phar-

114 1193 294 1233 salicum
325 1197 466 1232 autem
491 1192 708 1246 proelium
732 1205 884 1232 suasor
899 1191 1090 1241 fuc'ssem
1124 1205 1337 1232 armorum
1369 1205 1455 1233 nou
1489 1193 1562 1233 de-

110 1268 428 1322 ponendorum,
461 1269 540 1309 sed
571 1268 934 1318 abe‘c'cc'endorum,
978 1267 1090 1308 hunc
1123 1268 1184 1308 ad
1210 1282 1343 1309 meam
1371 1274 1560 1311 auctore·-

115 1350 247 1385 talem
289 1357 374 1385 noa
399 1349 532 1399 potul
562 1345 803 1395 adducere,
848 1345 962 1398 quod
1000 1350 1040 1384 ec
1073 1348 1164 1398 ipse
1203 1344 1387 1385 ardebat
1415 1346 1558 1387 studio

114 1425 253 1475 ipsius
306 1420 414 1461 belle·
455 1428 500 1462 et
541 1426 667 1475 palm·
710 1421 1070 1470 sate'sl'ace‘eudum
1114 1434 1205 1460 esse
1245 1420 1557 1462 arbitrabatur.

113 1496 257 1538 Huius
297 1497 467 1550 periodi
508 1497 673 1537 nullam
716 1511 812 1538 esse
855 1505 1114 1537 structuram
1146 1505 1288 1551 patet3
1318 1512 1410 1539 vox
1441 1500 1557 1539 enim

114 1579 255 1615 autem
290 1574 352 1614 ita
384 1575 609 1630 coniungit
639 1573 718 1615 illa
747 1587 912 1627 semper
935 1582 977 1613 et
990 1579 1095 1627 post
1110 1572 1409 1614 Pharsalicum
1424 1587 1556 1627 proe-

109 1651 229 1700 lium,
260 1657 308 1690 ut
337 1664 424 1691 una
455 1652 511 1692 sit
542 1653 759 1692 sententia
797 1655 874 1706 quc·
911 1673 965 1682 —
995 1648 1201 1699 fecissem.
1264 1648 1416 1705 Itaque
1445 1649 1558 1692 illud

110 1741 235 1782 queem
268 1739 368 1767 vero
399 1728 527 1782 plane
562 1728 735 1781 pendet,
769 1742 848 1768 nec
880 1725 1027 1777 habet,
1057 1741 1140 1781 quo
1172 1726 1400 1767 referatur.
1461 1726 1556 1769 Nec

109 1806 352 1850 tolerabilis
383 1815 448 1848 est
476 1807 745 1859 superiorum
774 1803 1107 1859 plerorumque,
1138 1801 1338 1863 Gru-teri,
1375 1802 1555 1856 Graevii,

110 1885 300 1926 Ernestii
327 1884 431 1934 (etsi
460 1884 497 1923 is
529 1880 760 1937 improbat)
792 1881 948 1930 lectio,
980 1882 1025 1920 in
1056 1894 1140 1934 qua
1155 1878 1242 1928 ful
1266 1887 1363 1934 post
1389 1894 1554 1933 semper

110 1962 303 2011 additur,
351 1959 595 2001 abundante
628 1967 671 1999 et
707 1966 966 1999 structuram
994 1954 1197 1996 turbante
1229 1955 1442 2008 particula
1474 1969 1550 1997 (ιιι-

132 2099 169 2140 ²)
197 2095 389 2132 Eiusmodi
416 2097 497 2128 erat
521 2093 697 2127 mendum
722 2092 758 2126 in
794 2094 886 2126 orat.
916 2102 983 2136 pro
1008 2090 1089 2125 Mil.
1117 2090 1182 2131 11,
1209 2089 1275 2131 30,
1309 2090 1501 2125 sublatum
1528 2102 1551 2126 a

197 2168 257 2191 me
282 2154 417 2189 codicis
443 2151 674 2199 palimpsesti
696 2151 938 2191 auctoritate3
966 2151 1003 2184 in
1029 2162 1100 2195 quo
1125 2151 1207 2184 loco
1234 2160 1349 2195 quum
1378 2152 1551 2185 nonnulli

196 2225 353 2260 pravam
380 2225 457 2248 esse
481 2215 675 2258 vulgatam
710 2211 934 2255 scripturam
958 2210 1175 2252 sensissent,
1207 2222 1274 2244 nec
1298 2213 1424 2244 tamen
1449 2215 1550 2245 recte

195 2278 424 2314 mutassent,
468 2273 535 2307 alii
569 2273 674 2317 peius
711 2271 979 2311 defenderunt,
1015 2270 1119 2314 quasi
1162 2271 1208 2303 de
1244 2274 1414 2314 tempore
1439 2270 1551 2304 modo

193 2334 302 2368 verbi
337 2338 536 2380 ageretur,
571 2343 644 2366 non
682 2330 943 2364 animadversa
979 2329 1241 2363 conditionalis
1274 2329 1463 2363 sententiae
1487 2340 1551 2364 ra-

192 2395 308 2428 tione.
355 2393 471 2428 Nulla
505 2403 565 2426 res
601 2395 676 2433 est,
707 2391 742 2424 si
767 2391 886 2424 altera
919 2394 1035 2428 esset,
1070 2400 1137 2423 nec
1172 2388 1313 2434 magis,
1348 2388 1382 2422 si
1397 2389 1546 2431 suisset.

190 2455 248 2488 Ex
275 2451 522 2488 disiunctione
551 2451 636 2495 (aut
661 2451 810 2486 omnino
839 2461 911 2485 non
938 2449 1060 2494 potuit
1082 2449 1176 2483 Milo
1203 2448 1285 2482 iure
1309 2448 1426 2483 vitam
1453 2451 1550 2483 caede

191 2514 348 2549 alteriue
382 2523 533 2547 servare
568 2516 633 2546 aut
658 2511 819 2556 potum)
854 2511 932 2544 haec
968 2509 1131 2543 efficitur
1163 2507 1384 2553 disputatio:
1419 2508 1549 2543 sinon

192 2573 337 2619 potuit,
361 2574 457 2608 nihil
484 2584 581 2607 nunc
605 2572 680 2605 dici
705 2575 847 2616 potest3
871 2571 902 2604 si
927 2569 1070 2615 potuit,
1097 2569 1334 2613 quaerendum
1355 2572 1420 2608 est,
1446 2580 1547 2610 num,

197 2634 295 2679 quod
320 2633 463 2678 potuit,
496 2633 639 2666 factum
666 2631 735 2672 sit,
774 2635 816 2665 ut
841 2631 924 2664 iure
947 2628 1135 2664 occiderit.
1200 2629 1314 2662 Modo
1340 2628 1548 2663 necessario

192 2694 372 2727 utendum
411 2696 492 2726 erat
523 2692 747 2732 indicativo,
784 2695 975 2735 tempore,
1009 2688 1186 2733 quoniam
1225 2688 1270 2722 ad
1304 2688 1400 2721 hanc
1435 2697 1548 2721 unum

193 2753 329 2787 caedom
363 2753 602 2798 quaestionem
637 2751 853 2793 adstrinxit,
889 2751 1076 2795 perfecto·²
1112 2748 1144 2782 si
1177 2747 1322 2781 infinite
1356 2750 1547 2791 qnnaercreh

192 2816 309 2858 Ppiest
337 2813 498 2856 diceret,
525 2825 618 2855 non,
643 2818 684 2850 ut
709 2810 936 2848 Garatonius
962 2809 1134 2850 volebat,
1157 2809 1285 2853 possit.

1207 2907 1220 2919 χ
1243 2880 1283 2910 11
