1981 3390
423 215 517 263 110
582 212 593 229 '

705 331 962 374 Describere
996 334 1038 373 in
1070 333 1238 375 theatro
1272 345 1474 388 perperos

628 408 870 464 Popularis.

470 484 579 527 Nam
611 484 723 540 quod
753 499 812 524 ex
840 486 979 538 primo
1007 484 1120 527 libro
1152 487 1307 527 citatur
1334 500 1375 541 p.
1409 486 1506 536 156,
1538 494 1787 541 corruptum

351 573 430 613 est,
460 564 522 603 ita
551 571 709 611 tamen,
737 569 785 601 ut
815 570 1013 603 extrema
1044 562 1172 604 facile
1203 563 1503 613 emendentur,
1542 576 1622 617 pro
1653 562 1785 605 leomi-

350 645 440 690 πίε,
471 639 583 693 quod
616 636 747 691 vulgo
779 636 964 692 legitur,
1004 637 1236 680 substituto
1270 643 1480 681 nominis:

702 713 758 753 Et
790 722 942 755 cuncta
972 712 1069 755 fieri
1095 723 1239 756 cetera

466 789 692 832 Imbecilla
734 791 769 845 †
800 804 886 832 non
932 791 1044 847 quod
1086 792 1401 847 ponderitatem
1441 792 1786 848 gravitatemque

1407 868 1609 908 nominis.

349 947 552 988 Fortasse
583 944 815 1000 legendum
857 952 944 986 est:
984 943 1215 985 Imbecilla
1245 943 1294 985 ob
1321 945 1652 998 ponderitatem.
1716 944 1788 996 (In

349 1024 544 1078 margine
585 1021 777 1076 exempl.
828 1020 937 1062 bibl.
976 1023 1096 1062 univ.
1146 1036 1223 1076 pro
1270 1022 1383 1076 qnod
1415 1022 1677 1077 adscriptum
1721 1031 1788 1063 est

349 1101 435 1155 ob).
497 1099 627 1154 Apud
667 1098 860 1140 Gellium
903 1099 1041 1153 (XX,
1083 1100 1128 1150 3)
1166 1103 1417 1140 sicinnistas
1457 1101 1663 1155 (quorum
1697 1108 1789 1140 erat

347 1192 485 1234 genus
517 1177 728 1232 quoddam
754 1176 997 1217 saltationis
1019 1178 1222 1229 scenicae)
1252 1176 1399 1218 Attius
1426 1191 1787 1218 commemorasse

347 1263 544 1296 narratur
577 1255 828 1307 dixisseque
861 1252 1102 1308 appellatos

697 1329 908 1370 nebuloso
936 1331 1123 1370 nomine.

460 1407 529 1449 De
572 1407 774 1461 Parergis
805 1406 949 1465 ¹multo
997 1408 1138 1447 minus
1187 1414 1376 1458 constat,
1424 1419 1604 1461 quorum
1653 1420 1784 1447 unum

343 1488 633 1541 fragmentum
668 1466 1036 1539 corruptissimum
1078 1491 1276 1538 superest
1305 1482 1438 1533 (Non.
1468 1498 1510 1538 p.
1537 1486 1629 1533 61).
1689 1482 1787 1532 Quo

345 1566 440 1605 iure
491 1563 742 1603 Harduinus
784 1563 847 1612 (in
887 1561 976 1601 ind.
1020 1568 1132 1601 auct.
1171 1575 1196 1601 a
1238 1560 1382 1601 Plinio
1422 1559 1609 1613 laudat.)
1652 1562 1706 1601 ad
1736 1561 1788 1602 L.

348 1642 518 1699 Attium
545 1647 717 1695 poetam
746 1638 957 1688 retulerit,
991 1638 1100 1693 quod
1123 1637 1284 1691 legitur
1317 1639 1361 1677 in
1392 1637 1524 1678 Plinii
1553 1638 1639 1678 ind.
1675 1646 1787 1678 auct.

345 1700 422 1761 lib.
452 1716 637 1760 XVIII:
666 1716 820 1767 Accio,
852 1720 930 1771 qui.
945 1715 1205 1766 Praxidica,
1235 1723 1277 1755 et
1299 1716 1343 1755 in
1363 1716 1457 1770 ipso
1479 1713 1592 1755 libro
1611 1714 1785 1765 XVIII,

344 1798 418 1839 55:
448 1795 632 1855 fldiecc't
665 1797 721 1834 iis
749 1794 914 1837 Accius
944 1797 991 1833 iti
1027 1793 1290 1842 Praxidico,
1336 1798 1386 1832 ut
1415 1798 1652 1843 sereretur,
1694 1806 1786 1833 enm

346 1876 470 1915 Luna
497 1866 605 1913 esset
637 1874 682 1911 in
714 1872 896 1922 Ariete,
931 1870 1138 1921 Geminis,
1181 1870 1342 1920 Leone,
1382 1868 1536 1920 Libra,
1573 1871 1788 1924 Aquario,

347 1960 389 1993 et
415 1951 496 1992 hoc
529 1962 637 2002 opus
667 1948 779 1988 idem
811 1962 907 1989 esse
938 1963 987 1989 ac
1018 1948 1285 2003 pragmatica
1314 1947 1492 1996 dixerit,
1522 1948 1683 1987 nescio.

463 2026 578 2067 Illud
621 2033 865 2066 extremum
906 2027 985 2076 sit,
1028 2039 1082 2065 ne
1119 2024 1319 2070 Annales
1356 2023 1527 2079 quidem
1567 2023 1619 2064 L.
1661 2023 1790 2075 Attii,

347 2117 527 2161 quorum
560 2103 803 2158 fragmenta
846 2111 945 2157 post
977 2101 1244 2156 Stephanum
1276 2101 1485 2142 indicavit
1522 2100 1556 2141 I.
1589 2100 1642 2140 G.
1674 2101 1789 2143 Vos-

347 2184 436 2223 sius
468 2181 542 2229 (de
576 2179 675 2219 hist.
709 2179 805 2220 Lat.
837 2179 858 2220 I
887 2195 922 2221 c.
951 2181 979 2220 '7
1012 2194 1054 2234 p.
1090 2181 1165 2228 10,
1212 2180 1257 2219 in
1289 2178 1422 2233 Oper.
1452 2177 1555 2219 Vol.
1584 2177 1700 2228 IV.),
1733 2176 1786 2218 ab

347 2259 429 2299 hoc
461 2257 632 2299 erudito
662 2271 711 2296 ac
738 2270 860 2309 paene
897 2257 1177 2310 grammatico
1217 2270 1378 2309 genere
1410 2253 1687 2295 abhorruisse
1722 2255 1786 2294 vi-

347 2336 461 2386 deri,
494 2347 673 2388 eamque
705 2332 890 2373 fortasse
923 2345 1094 2372 causam
1123 2344 1242 2382 esse,
1273 2346 1347 2372 cur
1367 2340 1453 2372 tam
1473 2345 1569 2372 raro
1592 2345 1616 2372 a
1645 2346 1786 2386 gram-

347 2414 514 2455 maticis
545 2412 743 2452 citentur.
828 2408 955 2458 Quod
988 2422 1119 2448 unum
1156 2416 1222 2448 est
1265 2408 1554 2464 fragmentum
1597 2407 1785 2463 plurium

352 2503 566 2539 versuum,
602 2488 644 2527 in
664 2501 714 2528 eo
732 2485 1073 2527 saturnaliorum
1089 2486 1377 2527 Romanorum
1410 2488 1532 2541 origo
1568 2501 1592 2527 a
1619 2485 1787 2527 Graeco-

345 2582 439 2610 rum
472 2567 541 2607 die
582 2565 693 2606 festo
736 2565 969 2605 derivatur.
1034 2563 1162 2619 Apud
1205 2564 1405 2613 Festum,
1439 2565 1511 2618 qui
1541 2578 1576 2604 s.
1611 2578 1653 2604 v.
1684 2563 1784 2604 Me-

349 2646 446 2686 telli
481 2643 632 2685 horum
670 2641 890 2683 annalium
921 2640 1080 2682 librum
1114 2640 1299 2684 XXVII
1329 2640 1502 2693 laudat,
1540 2654 1659 2682 error
1690 2641 1784 2681 sine

351 2721 481 2764 dubio
508 2734 767 2778 permagnus
797 2728 863 2762 est
893 2721 937 2760 in
969 2732 1161 2760 numero.
