1981 3390
1411 226 1506 277 1⁴9

110 356 426 412 distingueret,
469 359 512 396 et
545 351 670 394 initio
702 349 911 393 dixinsetz
954 348 1125 392 Iratum
1156 352 1201 391 {e
1231 351 1333 404 rego·
1354 345 1567 390 Deiotaro

95 436 249 485 fuine
291 446 376 475 non
420 435 548 473 erant
586 433 750 480 nescii,
794 429 923 470 tertio
955 427 1054 470 loco
1084 440 1270 484 ponere:
1307 431 1437 482 teque
1467 424 1568 466 huic

109 518 270 563 iratum
304 513 623 564 cognoverant,·
675 522 754 549 nec
784 508 959 549 omnino
990 508 1076 549 dici
1107 506 1188 548 hoe
1217 513 1387 563 poterat
1419 503 1474 545 ab
1500 516 1571 554 eo,

111 592 184 647 qui
215 597 305 630 toto
343 586 551 628 hocloco
582 586 664 628 hoo
704 587 822 644 agit,
871 595 918 627 ut
959 586 1134 628 credere
1166 584 1389 634 videatur,
1432 582 1570 623 fuisso

111 666 354 718 Caesarem,
407 665 767 721 quemadmodum
811 666 952 721 primo
995 664 1093 706 looo
1133 664 1316 714 dicitur,
1357 660 1571 703 Deiotaro

109 747 295 796 iratum,
328 758 415 785 non
450 758 572 792 essc;
605 745 777 799 itaque,
813 745 886 799 qui
920 743 1002 784 hoc
1032 741 1373 791 intellexerant,
1402 747 1572 781 veteres

111 825 300 866 editores
344 823 515 878 quidam
536 821 690 872 ficis-ee
720 820 1060 876 suppleverunt,
1108 819 1222 875 quod
1253 832 1339 859 non
1367 817 1573 858 convenit

113 902 241 944 alteri
275 903 389 957 parti
422 906 508 941 {um
548 898 637 940 sz'bi
663 902 873 946 a1112‘cum,·
922 898 998 939 sed
1040 912 1094 938 ne
1135 897 1216 937 hoc
1248 896 1420 951 quidem
1453 902 1571 936 recte

110 982 214 1037 poni
246 987 446 1035 poterat,
480 991 611 1033 quum
645 985 688 1017 et
719 975 1037 1018 abiectissimos
1072 984 1114 1017 et
1144 990 1170 1017 a
1204 973 1392 1015 Caesaris
1423 973 1572 1014 amici-

111 1060 174 1100 tia
201 1057 335 1113 longe
368 1064 559 1097 remotos
596 1055 829 1107 describat,
858 1070 938 1097 nec
969 1069 1151 1112 usquam
1183 1050 1417 1109 significet,
1448 1051 1573 1092 favo-

112 1150 203 1179 rem
236 1149 310 1177 eos
352 1132 540 1176 Caesaris
573 1143 830 1176 consecutos
873 1147 985 1177 esse.
1053 1131 1120 1176 Ne
1153 1132 1365 1175 orationis
1399 1129 1571 1186 quidem

112 1215 252 1257 forma
294 1200 413 1255 recta
457 1221 546 1262 est3
599 1226 698 1254 nam
744 1212 796 1253 de
836 1211 1046 1258 Deiotaro
1089 1213 1269 1256 absente
1320 1223 1408 1251 non
1455 1206 1572 1258 huic,

112 1293 188 1335 sed
220 1293 293 1333 illa·
322 1299 421 1342 aut,
461 1292 664 1347 quoniam
698 1290 780 1331 hoc
811 1291 1059 1345 praecessit,
1104 1292 1150 1330 ei
1186 1288 1416 1330 dicendum
1455 1293 1572 1332 erat;

113 1381 203 1412 tum
237 1371 395 1411 usitate
428 1368 597 1410 duobus
639 1368 845 1410 membris
892 1368 1232 1410 enumerationis
1265 1368 1360 1408 sine
1394 1365 1572 1406 coniun-

113 1452 256 1492 ctione
301 1449 456 1504 positis
511 1462 589 1502 per
637 1461 719 1502 que
761 1446 1020 1503 particulam
1061 1445 1263 1487 ultimum
1304 1443 1572 1499 adiungitur,

113 1528 289 1570 tertium
335 1533 379 1567 et
426 1534 626 1581 quartum
661 1539 747 1566 non
778 1527 896 1566 item.
961 1525 1087 1566 Patet
1118 1525 1251 1564 totius
1280 1522 1367 1563 loci
1400 1529 1572 1562 senten-

115 1608 218 1647 tiam
249 1604 329 1646 illa
363 1604 644 1645 adnotatione
680 1603 874 1646 breviter
904 1618 984 1645 nec
1021 1602 1346 1644 accuratissime
1379 1612 1574 1654 compre-

115 1684 272 1735 hendi,
304 1683 598 1740 pinguiusque
634 1681 850 1738 explicari
881 1681 1019 1724 altera
1047 1689 1171 1737 parte
1203 1676 1470 1729 illudxfore
1493 1690 1571 1732 pu-

113 1761 279 1812 tabant,
314 1766 362 1802 nt
389 1760 610 1812 —facc'le
623 1760 784 1811 ficlecm
818 1765 981 1802 crimen
1012 1759 1227 1801 resideret
1241 1758 1296 1814 ¹).

235 1839 449 1881 Revertor
478 1839 531 1880 ad
563 1841 783 1881 orationes
804 1838 1100 1880 Catilinarias.
1162 1835 1389 1878 In-earum
1422 1841 1574 1891 quarta

118 1917 224 1958 duas
255 1919 541 1968 coniecturas,
573 1918 686 1972 quod
715 1918 879 1973 aliquid
900 1918 953 1959 ad
974 1916 1238 1958 evidentiam
1268 1914 1420 1954 deesse
1453 1911 1575 1953 vidc-

117 1992 270 2044 batur,
328 1995 410 2034 etsi
460 1993 686 2049 vulgatam
736 1997 995 2049 scripturam
1045 1992 1202 2034 falsam
1246 2004 1366 2042 esse,
1409 1997 1574 2030 certum

120 2079 227 2122 erat,
260 2072 305 2112 in
323 2072 519 2126 margine
539 2072 678 2126 posui.
740 2071 865 2112 Prior
884 2070 1007 2112 locus
1027 2079 1092 2111 est
1118 2085 1153 2111 c.
1175 2070 1218 2121 6,
1249 2070 1324 2111 11:
1363 2065 1575 2116 Quamob-

119 2163 208 2191 rem
251 2153 343 2190 eive
374 2147 454 2189 hoc
484 2153 751 2199 statueritis,
790 2149 1001 2209 dederitis
1033 2147 1141 2190 mike·
1168 2150 1360 2189 comitem
1387 2146 1448 2186 ad
1477 2158 1574 2186 cou—

120 2231 282 2268 cionem
308 2227 467 2282 populo
511 2240 656 2267 carum
701 2232 830 2281 atque
874 2227 1130 2276 iucundum,
1174 2229 1268 2267 sive
1301 2222 1453 2265 Silani
1481 2236 1575 2264 sen-

118 2309 298 2347 tentiam
328 2308 452 2360 sequi
477 2305 741 2354 mulnet-ills,
779 2303 934 2353 ‚facile
963 2318 1028 2345 me
1059 2310 1190 2359 alque
1221 2317 1296 2345 vos
1327 2316 1356 2344 a
1388 2302 1575 2343 crudele·—

119 2387 223 2425 talz's
258 2387 578 2439 vituperatione
607 2381 882 2433 defendetis,-
912 2389 1043 2438 atque
1072 2381 1296 2432 obtinebo,
1325 2395 1419 2422 eam
1446 2381 1576 2422 mullo

119 2463 322 2504 leniorem
342 2461 508 2513 fuine.
581 2460 682 2504 Non
727 2460 870 2504 solum
914 2462 1049 2514 dura,
1094 2460 1168 2502 sed
1197 2474 1407 2516 perversa
1437 2467 1502 2501 est
1534 2460 1579 2499 in

150 2626 188 2671 ²)
214 2625 337 2660 Euius
363 2626 519 2673 originis
550 2630 605 2662 est
639 2627 710 2662 illa
744 2626 782 2661 in
818 2627 989 2663 oratione
1019 2639 1087 2673 pro
1115 2625 1236 2662 Sestio
1262 2638 1295 2661 c.
1321 2625 1380 2667 50,
1406 2624 1575 2659 10711111-

211 2688 433 2734 guidissima
459 2689 666 2724 sententia:
719 2688 842 2724 Huius
869 2691 987 2724 oratio
1013 2694 1048 2724 et
1070 2689 1269 2734 pergravis
1295 2691 1329 2722 et
1351 2691 1467 2731 grata
1492 2697 1577 2719 eon-

214 2749 311 2782 m'om'
327 2751 429 2792 suit,
458 2761 531 2796 qua
558 2750 768 2796 explicatur
793 2751 914 2792 illud,
941 2752 1039 2799 quod
1063 2751 1194 2786 Cicero
1222 2748 1384 2785 oratorie
1409 2749 1579 2782 clocutus

217 2813 316 2852 erat,
361 2811 570 2846 narrationi
608 2812 654 2845 de
689 2813 872 2857 producto
909 2812 945 2848 in
982 2812 1199 2847 concionem
1237 2810 1418 2856 Pompeio
1453 2809 1577 2846 statim

218 2879 370 2915 gravem
398 2872 712 2909 numerationem
739 2873 962 2909 subiiciens:
991 2875 1051 2909 Sic
1079 2873 1251 2908 contendo
1282 2876 1349 2905 otc.
