1981 3390
1451 265 1547 314 431

176 394 456 449 scripturam,
497 391 573 433 alii
606 403 690 431 non
722 387 956 435 haberent,
997 385 1238 427 cuiusmodi
1263 393 1363 425 sunt
1392 385 1622 437 permulta.

176 471 312 511 Velut
345 471 489 511 statim
520 472 543 519 ξ
580 469 604 507 1
634 466 702 517 H,
736 466 791 516 S,
833 478 857 520 χ
892 463 1052 504 habent
1075 461 1226 512 fortes
1256 476 1334 517 pro
1361 460 1487 510 sorti
1520 471 1562 502 et
1593 464 1621 501 4

175 561 326 601 neque,
355 547 430 587 ubi
458 544 589 586 ceteri
619 556 850 597 uecnqaam,
881 550 923 581 et
952 542 980 581 5
1010 544 1171 580 etz-orloe
1197 554 1272 595 pro
1304 541 1526 588 excilatce,
1565 546 1623 588 et,

178 624 287 678 quod
330 623 509 677 gravius
553 629 640 671 est,
683 623 705 671 ξ
750 622 779 659 9
819 620 859 659 id
905 619 1131 667 mendum,
1168 618 1289 659 cuius
1329 617 1540 670 originem
1578 617 1622 656 in

176 698 479 741 Gemblacensi
515 707 557 739 et
587 697 786 738 Palatino
818 710 931 737 nono
967 696 1170 745 vidimus,
1201 692 1623 748 (conspiciebantus),

176 786 241 818 est
266 778 309 817 in
338 776 474 817 tribus
499 775 651 825 Oxx.,
688 776 730 814 in
764 773 901 814 tribus
926 788 1007 813 non
1043 782 1132 820 est3
1164 774 1257 823 §73
1287 771 1335 821 C,
1372 770 1426 811 T.
1456 783 1625 824 per-mu-

177 858 344 895 tatione
375 852 558 902 habent,
588 860 635 892 ut
665 850 935 901 Ber-nenses,
966 850 1120 904 reliqui
1146 847 1489 903 perlurbtelz'one,
1522 852 1544 899 §
1570 850 1626 888 67

175 933 305 973 iidem
333 930 416 972 soli
449 930 498 980 C,
531 928 586 978 T,
618 937 664 968 ut
693 929 967 977 parisiensis,
997 941 1081 966 non
1111 927 1305 973 εοΙίίαηις
1343 927 1387 965 ἱη
1419 927 1512 979 ipso
1544 926 1625 964 ini-

178 1010 237 1049 tio
271 1009 480 1049 orationis
501 1005 770 1046 subdititium
804 1004 911 1044 illud
945 1004 1212 1043 voluntarios
1245 1004 1288 1042 in
1326 1000 1364 1041 Τ
1402 1003 1462 1056 (et
1496 1000 1628 1042 Dres-

178 1083 318 1138 densi)
353 1099 437 1125 non
472 1090 560 1132 est,
595 1089 661 1122 est
692 1083 734 1122 in
768 1080 881 1122 aliis.
943 1080 998 1120 Et
1030 1088 1129 1120 sunt
1164 1078 1409 1119 huiusmodi
1441 1076 1627 1118 infinita.

178 1162 390 1217 Apertum
422 1169 487 1201 est
518 1161 676 1215 igitur,
711 1159 764 1199 ad
795 1172 927 1199 unum
963 1157 1190 1210 exemplar
1223 1159 1265 1197 in
1298 1155 1445 1198 schola
1483 1155 1630 1212 aliqua

179 1239 366 1279 hominis
408 1238 523 1279 docti
571 1235 859 1292 praelectionis
900 1243 943 1276 et
983 1236 1268 1276 enarrationis
1307 1248 1437 1276 causa
1476 1233 1630 1274 abbre-

181 1317 369 1366 viatum,
413 1329 496 1372 quo
529 1324 722 1369 tempore
756 1312 967 1354 celebrari
1000 1315 1154 1354 iterum
1183 1313 1326 1353 studia
1355 1313 1630 1366 antiquorum

182 1393 437 1434 Latinorum
491 1393 745 1444 scriptorum
798 1392 1051 1446 codicesque
1103 1388 1302 1431 celeriter
1354 1387 1634 1444 multiplicari

182 1470 447 1525 incipiebant
479 1468 551 1525 (ab
597 1470 721 1508 initio
762 1469 898 1508 seculi
927 1469 1051 1520 XV),
1098 1468 1360 1522 compositos
1394 1480 1489 1506 esse
1523 1464 1633 1505 alios

185 1548 379 1597 codices,
429 1547 503 1601 qui
551 1553 695 1586 tamen
739 1545 1086 1586 describerentur
1127 1544 1300 1584 aliunde
1350 1557 1406 1584 ex
1453 1544 1637 1583 diversis

185 1622 527 1679 exemplaribus.
594 1622 650 1662 Et
695 1631 839 1662 tamen
884 1621 969 1662 alio
1013 1622 1139 1661 modo
1187 1620 1230 1660 hi
1274 1634 1423 1661 omnes
1467 1620 1636 1661 codices

185 1701 467 1742 nihilominus
500 1700 626 1740 unius
662 1699 809 1753 stirpis
845 1705 969 1748 sunt,
1010 1699 1130 1748 eius,
1166 1712 1291 1753 quam
1322 1698 1494 1737 tertiam
1530 1697 1637 1747 dixi,

187 1793 210 1818 e
238 1792 321 1832 qua
359 1775 522 1830 aliquot
555 1776 724 1816 codices
765 1784 855 1816 tum
898 1776 940 1815 in
982 1776 1136 1815 notitia
1171 1774 1456 1828 manibusque
1500 1772 1637 1813 homi-

188 1869 290 1895 num
322 1854 482 1893 versati
512 1854 622 1903 sint,
667 1866 844 1892 necesse
883 1861 975 1902 est,
1014 1852 1172 1906 primae*
1201 1860 1244 1890 et
1285 1851 1482 1891 secundm
1514 1851 1638 1890 fami-

189 1931 259 1972 liae
292 1930 415 1971 libris
458 1928 827 1969 delitescentibus.
885 1928 934 1968 Id
972 1929 1034 1968 sic
1075 1927 1351 1982 intelligitur.
1413 1926 1640 1981 Disiungit

190 2008 270 2049 hos
303 2021 452 2048 omnes
493 2006 660 2047 codices
700 2021 725 2046 a
758 2005 903 2046 codice
933 2005 1196 2054 Parisiensi,
1240 2019 1367 2059 quum
1401 2003 1512 2058 quod
1545 2005 1640 2043 uni-

190 2098 315 2126 verse
347 2083 467 2125 nulla
504 2091 735 2138 supersunt
764 2082 834 2123 hic
863 2083 1051 2137 vestigia
1081 2095 1252 2131 eorum,
1291 2094 1384 2136 quae
1420 2082 1513 2120 eius
1543 2094 1642 2135 pro-

191 2164 287 2217 pria
320 2169 445 2211 sunt,
487 2170 575 2201 tum
614 2161 830 2210 maxime,
874 2160 1086 2212 primum,
1131 2159 1241 2213 quod
1286 2160 1330 2198 in
1375 2158 1441 2198 his
1472 2158 1642 2208 adsunt,

193 2253 285 2293 qua:
329 2237 390 2278 ibi
434 2239 690 2278 exciderunt
724 2237 847 2278 initio
889 2238 1040 2289 capitis
1081 2238 1156 2287 18,
1194 2237 1248 2276 40
1288 2237 1349 2290 (et
1382 2236 1537 2276 adsunt
1567 2237 1642 2286 ita,

195 2314 551 2370 quemadmodum
582 2316 625 2354 in
657 2315 750 2354 cod.
777 2315 822 2355 S.
853 2314 1059 2364 Victoris,
1094 2327 1179 2354 non
1211 2313 1567 2368 quemadmodum
1598 2314 1643 2352 ἰιι

191 2391 486 2433 Bernensibus
518 2389 786 2441 scribuntur,
825 2391 969 2431 addito
1007 2399 1171 2432 tantum
1199 2399 1350 2443 postea
1381 2389 1644 2445 glossemate

195 2472 359 2523 movit),
390 2468 544 2509 deinde
587 2467 708 2509 locus
747 2467 824 2508 ille
857 2469 903 2509 in
933 2483 968 2509 c.
992 2470 1043 2518 8,
1084 2471 1162 2519 19,
1207 2469 1250 2508 in
1284 2467 1376 2509 cod.
1408 2468 1646 2509 parisiensi

197 2555 283 2587 tam
317 2546 567 2587 notabiliter
598 2545 909 2599 interpolatus,
956 2547 1077 2586 cuius
1117 2544 1466 2598 interpolationis
1504 2546 1548 2583 in
1579 2544 1645 2583 his

195 2621 317 2662 nulla
350 2631 450 2662 sunt
485 2624 686 2678 vestigia,
718 2623 831 2678 quod
864 2632 1009 2664 autem
1037 2624 1090 2664 ad
1122 2622 1156 2664 C
1188 2631 1230 2663 et
1265 2621 1303 2662 T
1336 2623 1503 2668 attinet,
1539 2633 1642 2674 quo-

196 2700 312 2739 niam
332 2700 363 2738 ii
388 2698 479 2739 haec
498 2701 714 2752 omittunt,
744 2698 854 2742 alter
880 2699 1019 2751 locus,
1051 2702 1122 2755 qui
1146 2709 1209 2741 est
1233 2701 1276 2740 in
1307 2714 1342 2739 c.
1372 2699 1441 2747 24,
1474 2697 1543 2746 54,
1574 2695 1647 2736 nbi

198 2777 234 2816 si
264 2790 322 2816 ex
352 2774 430 2815 illo
469 2776 654 2816 derivati
696 2786 866 2827 essent,
913 2777 1123 2819 haberent
1164 2790 1297 2817 meum
1342 2775 1571 2814 discrimen
1607 2778 1647 2812 el

200 2865 342 2893 eorum
371 2852 573 2905 proedam,
608 2861 674 2893 est
694 2862 837 2895 autem
869 2856 911 2894 in
943 2855 999 2896 iis
1032 2854 1118 2895 alia
1150 2868 1207 2894 ex
1240 2852 1438 2906 vestigiis
1467 2850 1644 2891 duarum
