1981 3390
1440 262 1537 311 397

162 399 244 441 que
276 387 380 443 'ea‚]
424 399 519 444 quce
558 399 642 429 non
680 389 842 433 sentio,
889 385 1016 424 velim
1051 382 1256 423 scribere.
1318 381 1412 423 lbd.
1443 383 1506 433 11,
1539 387 1607 433 19,

161 463 234 504 ubi
263 473 352 505 est:
403 463 678 511 Quamobrem
720 475 984 516 quaecmeque
1022 474 1050 501 a
1088 473 1152 500 me
1193 466 1446 499 ornamenta
1477 464 1524 499 in
1563 466 1608 499 te

151 541 506 594 prfflctscentur,
547 539 778 595 legendum
809 548 896 580 est:
940 527 987 579 ἧι
1018 544 1062 578 te
1094 536 1339 593 [preficisci
1362 533 1605 590 poterunt]

153 616 502 670 proficiscemur.
569 616 838 657 Gravissima
871 625 1014 657 autem
1049 624 1274 669 corruptus
1308 621 1373 654 est
1405 612 1527 653 locus
1560 613 1605 651 in

159 693 236 734 lib.
268 693 331 734 VI
360 708 426 747 ep.
454 695 482 734 5
513 697 536 744 ξ
565 696 618 744 3,
657 694 731 734 ubi
762 696 806 734 in
839 696 931 749 ipso
966 693 1110 733 codice
1145 691 1342 732 Mediceo
1373 687 1606 741 interpola-

158 771 276 811 tione
306 769 463 812 lacuna
496 771 709 812 occultata
743 780 822 812 est.
894 772 1108 826 Scriptum
1148 771 1261 810 enirn
1301 776 1394 808 erat
1426 782 1450 806 a
1481 764 1603 806 Cice-

155 861 260 888 rone
279 849 321 888 in
342 845 455 888 hunc
484 849 679 890 modum:
717 847 862 895 Quare
881 848 940 888 ml
967 861 1058 888 eam
1090 860 1230 900 spem,
1263 843 1409 900 [qnam
1441 843 1494 883 de
1520 856 1605 882 om-

155 923 281 965 nibus
305 924 519 975 habemus,
542 925 715 966 accedit
739 924 830 980 ea,]
855 938 979 978 quam
1000 929 1131 964 estem
1155 922 1345 962 ordinem
1370 921 1423 960 cle
1444 925 1486 959 te
1511 923 1603 972 ipso

156 1000 373 1052 habemus,
415 1015 499 1042 nou
527 1002 659 1041 solum
682 1007 863 1055 propter
896 1001 1152 1054 dignitatem
1184 1004 1228 1039 ec
1257 1002 1458 1038 virtutem
1487 1001 1604 1035 tuam

153 1100 207 1111 —
233 1077 326 1119 laaec
356 1082 468 1118 em‘m
497 1083 751 1119 ornamenta
791 1084 892 1118 sunt
925 1077 1009 1117 tila·
1046 1081 1174 1117 eliam
1219 1089 1310 1116 cum
1351 1075 1454 1114 allis
1495 1085 1603 1112 com-

155 1159 303 1196 munia
336 1178 386 1187 —-
418 1155 496 1195 sed
527 1156 589 1205 (v.
619 1155 833 1196 accedunt
859 1161 935 1195 tna
961 1154 1211 1208 praecipua)
1235 1157 1417 1207 propter
1447 1153 1604 1190 exime·-

154 1245 263 1272 mum
317 1236 538 1286 ingenitam
572 1246 856 1286 summamque
884 1232 919 1286 †
952 1236 1165 1272 virtulem.
1223 1228 1329 1280 (Cfr.
1364 1229 1521 1280 disput.
1550 1226 1602 1266 de

156 1309 371 1349 emendat.
403 1307 535 1349 locor.
570 1308 702 1364 aliqu.
739 1317 866 1351 oratt.
904 1324 944 1363 p.
977 1310 1059 1349 155
1092 1316 1134 1348 et
1166 1307 1332 1362 praefat.
1367 1306 1468 1346 edit.
1499 1303 1604 1344 duo·

155 1386 247 1426 dec.
279 1394 405 1426 oratt.
428 1401 470 1440 p.
505 1387 603 1438 125)
628 1387 682 1438 1).

271 1461 379 1504 Mox
410 1464 454 1504 in
495 1464 647 1504 eodem
679 1464 819 1517 capite
861 1465 884 1513 §
916 1464 972 1503 46
1005 1459 1312 1516 (relinquenda
1351 1459 1498 1500 studia
1532 1459 1605 1500 ‹le-

152 1540 423 1589 Ieclatiom‘e,
468 1540 660 1590 iudices,
708 1540 859 1589 ludus,
901 1544 1021 1580 iocus·
1065 1537 1164 1593 etc.)
1219 1538 1347 1578 nimis
1389 1537 1605 1589 patienter

152 1625 439 1671 propagatum
474 1625 539 1657 est
578 1625 727 1657 contra
764 1616 886 1656 codd.
919 1624 961 1656 et
1003 1624 1198 1656 veterum
1230 1612 1327 1654 edd.
1363 1611 1492 1653 fidem
1529 1627 1607 1653 vo-

156 1693 358 1735 cabulum
390 1694 570 1734 iudices.
644 1692 695 1734 In
729 1692 808 1733 hac
842 1692 1086 1733 vehementi
1117 1691 1443 1732 enumeratione
1468 1689 1605 1740 (obte-

153 1770 301 1812 rendae
332 1777 433 1811 emec
467 1792 524 1802 --
562 1770 849 1824 relinquenda
886 1793 942 1800 —
984 1768 1262 1821 deserendus)
1303 1767 1608 1808 incommodis-

157 1849 264 1888 sime
295 1849 584 1903 interponitur
614 1847 803 1887 indicum
835 1846 1086 1901 appellatio,
1116 1847 1171 1885 in
1193 1845 1334 1884 medio
1368 1846 1607 1898 praesertim

156 1924 267 1965 colo.
325 1925 540 1965 Auctores
575 1923 810 1974 Gruterus,
852 1925 925 1979 qui
958 1923 1146 1972 addidit,
1188 1923 1289 1962 citat
1321 1922 1413 1961 cod.
1446 1921 1608 1962 Palati-

156 2015 256 2042 num
292 2015 452 2042 nonum
485 2009 528 2042 et
560 2001 874 2042 Erfnrtensem.
945 2000 1112 2041 Verum
1141 2000 1185 2038 in
1219 1998 1300 2038 hoc
1330 2006 1419 2038 est:
1461 1998 1607 2039 studia

157 2077 468 2118 delectationes
493 2077 660 2118 indices
690 2079 823 2127 locus,
853 2076 1115 2117 vocabulum
1147 2075 1272 2115 ladas
1302 2077 1527 2125 omittitur,
1560 2084 1607 2116 ut

156 2162 378 2209 appareat,
411 2154 595 2195 evanida
619 2168 751 2194 curva
774 2153 952 2204 lineola,
985 2168 1069 2209 qua
1098 2166 1147 2193 us
1179 2150 1347 2205 syllaba
1369 2161 1606 2204 notaretur,

154 2231 304 2271 literas
338 2231 416 2271 lml
444 2232 651 2271 transisse
684 2231 727 2270 in
761 2231 874 2278 iud.,·
932 2232 994 2271 sic
1037 2232 1151 2271 enim
1180 2228 1381 2270 scribitur
1409 2230 1455 2269 in
1483 2229 1604 2270 codd.

155 2308 239 2348 Sed
271 2307 351 2348 hoc
380 2307 494 2348 leve.
565 2308 770 2361 Sequitur
811 2306 933 2348 locus
967 2309 1226 2363 gravissime
1259 2315 1500 2361 corruptus,
1532 2308 1605 2362 qui

153 2385 215 2425 sic
248 2384 411 2425 editur:
462 2382 569 2431 (211ae
597 2397 666 2424 res
698 2387 746 2425 in
773 2382 853 2424 Ιιοο
879 2398 1042 2439 genere
1070 2383 1260 2425 homines
1289 2397 1317 2424 a
1347 2382 1496 2424 labore
1519 2389 1606 2424 stn-

176 2558 215 2601 1)
245 2558 430 2591 Caeterum
470 2557 533 2591 hic
565 2558 670 2592 locus
713 2561 848 2602 praeter
882 2557 977 2591 alios
1013 2557 1107 2602 (vid.
1143 2557 1269 2591 Hand.
1302 2557 1468 2591 Tursell.
1503 2558 1540 2591 11
1568 2570 1603 2601 p.

244 2615 333 2658 556)
362 2627 492 2651 eorum
515 2618 737 2652 sententiam
763 2617 919 2659 evertit,
953 2619 1015 2662 qui
1041 2619 1078 2652 in
1104 2619 1281 2652 descensu
1308 2618 1354 2649 ad
1378 2617 1499 2650 minus
1524 2621 1608 2660 post

247 2687 317 2708 non
341 2676 465 2714 modo,
497 2676 535 2709 id
561 2682 637 2719 est,
661 2690 731 2711 non
756 2679 896 2717 dicam,
924 2679 1142 2713 Ciceronem
1168 2688 1314 2721 semper
1341 2676 1497 2719 simplex
1527 2677 1604 2714 sed,

247 2732 438 2780 nunquam
465 2737 528 2769 sed
555 2737 662 2771 etiam
687 2749 755 2772 nec
782 2749 905 2772 verum
932 2740 1039 2772 etiam
1064 2750 1203 2784 ponere
1226 2739 1370 2781 putant.
1419 2736 1512 2768 Nam
1540 2736 1602 2768 rui.

246 2807 313 2829 nus
342 2799 397 2829 est
420 2796 607 2841 cogitare,
646 2809 758 2842 quam
782 2809 920 2843 agere,
955 2801 1054 2845 quod
1090 2797 1316 2845 cogitatione
1348 2794 1479 2830 nititur
1505 2795 1603 2838 (vid-

250 2856 356 2890 Brut.
378 2855 466 2899 7o);
506 2855 589 2890 add.
618 2855 656 2892 in
681 2857 802 2893 Vatin.
827 2858 872 2898 9,
896 2857 954 2894 21.
