1981 3390
417 236 515 285 364

463 354 650 404 Quae‘c.
689 357 758 406 64,
791 357 884 397 *144
925 357 1153 413 leguntur,
1194 370 1321 410 quam
1361 356 1553 411 graviter
1596 363 1795 410 corrupta

350 431 603 483 videantur,
642 434 892 487 expositum
933 443 999 475 est
1036 436 1080 474 in
1112 449 1178 489 ep.
1212 435 1266 474 ad
1301 433 1438 474 Orell.
1470 448 1512 488 p.
1540 434 1619 480 86;
1665 431 1795 488 Zum-

348 510 493 563 ptius,
526 510 600 562 qui
629 508 803 563 singula
837 519 1021 550 excusat
1049 512 1115 564 (ut
1139 510 1250 551 illud
1281 512 1509 551 admouere
1534 509 1798 562 praeturam),

348 599 433 626 non
467 586 572 624 satis
617 586 852 625 attendisse
887 588 1078 637 videtur,
1121 602 1248 642 quam
1285 587 1422 627 multa
1460 585 1798 641 perturbationis

349 662 540 714 vestigia
566 670 894 709 concurrerent3
929 664 1001 716 qui
1033 663 1145 716 quod
1171 677 1309 711 *voces
1344 663 1584 704 cuius-moda·
1614 665 1794 708 cons-lat,

350 751 457 792 quas
487 737 656 777 codices
684 737 845 777 addunt
873 747 970 792 post
1004 745 1287 792 con-sumptas,
1320 738 1654 794 esuperioribus
1672 751 1796 791 repe·

349 817 450 855 titas
482 821 629 869 putat,
669 815 788 868 prius
836 814 1094 855 vocabulum
1133 829 1263 870 supra
1294 817 1468 856 omnino
1508 829 1592 854 non
1621 814 1795 868 legitur.

348 891 475 933 Addo
517 892 596 940 iis,
643 904 735 945 quae
768 877 871 931 ⁴illic
913 893 1033 943 dixi,
1083 894 1211 933 nimis
1250 906 1433 946 operose
1472 892 1646 931 tertium
1687 888 1796 929 illud

347 967 588 1009 membrum
615 969 873 1022 praeparari:
907 968 1005 1009 Hoc
1038 983 1138 1009 vero
1171 972 1374 1022 scriplum
1408 982 1499 1008 esse
1528 973 1633 1017 etc„
1666 978 1797 1021 quum

345 1044 456 1085 illud
489 1059 609 1098 aeque
654 1044 846 1084 breviter
888 1060 938 1085 ac
977 1047 1202 1099 superiora
1241 1044 1392 1085 Cicero
1436 1043 1657 1091 absolvat;
1702 1056 1797 1090 nec,

348 1135 442 1176 quae
472 1121 698 1171 dicuntur,
731 1122 783 1161 de
814 1121 892 1162 illa
924 1131 1046 1176 parte
1079 1121 1444 1163 senatusconsulti
1473 1121 1638 1176 magis,
1668 1132 1796 1174 quam

347 1199 400 1238 de
429 1196 749 1253 superioribus,
781 1199 865 1238 dici
893 1206 1108 1252 poterant.

479 1275 528 1314 In
573 1289 607 1314 e.
641 1275 720 1324 65,
766 1276 849 1314 146
880 1277 1116 1329 pei-miror,
1158 1276 1388 1315 retinuisse
1423 1273 1672 1327 Zumptium
1703 1269 1798 1311 vul-

349 1361 494 1408 gatam
528 1352 849 1392 distinctionem
879 1365 958 1392 uec
992 1350 1126 1392 verbo
1158 1360 1300 1392 tamen
1331 1350 1576 1391 defendisse
1605 1351 1796 1402 ineptam

344 1430 464 1471 illam
502 1429 870 1470 coniunctionem:
915 1442 938 1468 o
980 1428 1190 1468 hominem
1231 1429 1426 1468 relictum
1472 1440 1498 1466 α
1538 1428 1799 1479 magistram

347 1507 514 1557 Siculo,
547 1507 671 1560 quasi
700 1505 782 1545 hoc
808 1520 1012 1560 magnum
1043 1513 1085 1545 et
1120 1505 1442 1546 exclamatione
1473 1503 1650 1557 dignum
1682 1507 1798 1541 esset

346 1592 421 1642 aut
452 1592 568 1623 recte
601 1581 753 1621 saltem
787 1581 1000 1621 diceretur
1032 1582 1084 1621 de
1117 1596 1193 1630 eo,
1240 1594 1365 1634 quem
1398 1593 1483 1619 non
1515 1580 1796 1632 magistratus

346 1659 544 1708 Siculus,
584 1658 659 1698 sed
698 1659 836 1697 omnis
879 1667 1055 1715 senatus
1094 1658 1390 1710 Syracusanus
1431 1669 1517 1695 non
1548 1654 1798 1709 reliquisset

346 1737 421 1776 sed
453 1736 617 1790 insigni
646 1736 806 1774 iniuria
835 1735 1069 1774 affecisset.
1134 1733 1261 1781 Quod
1290 1741 1432 1773 autem
1460 1734 1505 1771 in
1535 1745 1639 1771 vera
1663 1733 1797 1771 inter-

342 1814 600 1867 punctione,
645 1825 729 1865 qua
772 1810 1137 1851 exclamationem
1178 1808 1442 1865 generaliter
1488 1807 1719 1863 prolatam:
1766 1821 1790 1847 o

343 1889 554 1929 desertam
595 1887 802 1928 hommem
820 1917 832 1938 ,
869 1887 1164 1940 desperatum,
1213 1888 1409 1926 relictum
1441 1886 1607 1939 excipit
1647 1883 1793 1938 expli·

343 1968 456 2007 catio
489 1966 553 2005 rei
586 1964 806 2015 ridiculae,
849 1964 1076 2019 Zumptius
1120 1971 1252 2018 negat
1289 1971 1460 2018 patere,
1497 1975 1624 2015 quem
1656 1961 1794 2014 magi·

341 2050 522 2083 stratum
554 2050 699 2082 orator
740 2042 878 2091 dicat,
917 2042 1090 2091 nescio,
1129 2041 1202 2094 qui
1231 2041 1370 2094 magis
1400 2040 1445 2078 in
1476 2037 1614 2078 altera
1642 2037 1794 2077 distin-

344 2121 485 2159 ctione
519 2133 728 2173 apparere
761 2120 900 2158 visum
934 2120 1015 2168 sit,
1059 2131 1180 2167 esse,
1213 2118 1286 2171 qui
1315 2124 1511 2156 senatum
1545 2114 1795 2162 habuisset;

345 2195 399 2236 ab
431 2209 482 2235 eo
508 2197 652 2250 itaque
684 2197 903 2250 (quoniam
943 2197 987 2234 in
1019 2209 1071 2235 eo
1104 2207 1274 2248 quoque
1304 2193 1530 2247 Zumptius
1566 2189 1796 2231 difficulta-

343 2282 456 2322 tem,
490 2286 582 2326 quae
610 2272 730 2313 nulla
761 2280 850 2321 est,
885 2272 1141 2326 excogitat),
1172 2271 1237 2310 rei
1267 2278 1400 2325 gestae
1430 2276 1622 2319 auctore,
1652 2266 1792 2308 Caese-

343 2350 428 2389 tius
451 2357 680 2403 praetorem
721 2348 962 2388 Romanum
994 2344 1258 2400 appellabat.

463 2423 511 2464 C.
531 2425 599 2474 46,
634 2425 716 2463 148
748 2437 876 2478 quum
906 2424 950 2462 in
984 2420 1239 2475 vulgaribus
1271 2418 1394 2459 libris
1421 2426 1536 2459 esset
1561 2418 1791 2459 mendose:

339 2505 388 2542 in
417 2500 568 2556 quibus
591 2501 765 2554 singula
789 2502 1033 2553 perscrc‘pla
1065 2502 1203 2546 erant,
1236 2496 1397 2536 editum
1432 2503 1498 2535 est
1531 2495 1709 2536 deinde:
1741 2499 1787 2535 in

343 2577 495 2633 quibus
524 2576 570 2618 S.
610 2577 655 2618 C.
677 2580 926 2633 perscripta
956 2581 1108 2626 erant,
1148 2574 1261 2615 notis
1293 2573 1474 2626 sumptis
1507 2585 1566 2612 ex
1597 2571 1788 2612 meliori-

435 2755 506 2795 rit,
539 2754 608 2788 ina
636 2752 747 2788 lectio
782 2755 823 2787 ut
847 2751 1103 2797 improbetur,
1137 2750 1263 2787 saciet.
1321 2751 1442 2784 Latet>
1463 2748 1695 2784 reconditius
1718 2748 1789 2782 ali-

435 2814 542 2859 quid,
570 2815 666 2860 qnod
692 2824 766 2850 nou
790 2813 962 2858 repen—103
999 2823 1085 2848 num
1109 2811 1258 2846 Parium
1286 2816 1385 2847 recte
1412 2809 1606 2855 Zumptius
1631 2808 1786 2843 refellit.
