1981 3390
1453 209 1519 257 27

142 347 229 389 tat,
259 345 334 378 aut
365 333 500 392 quod,
533 331 608 372 ubi
635 344 741 387 ego,
776 334 973 385 exceptis
1004 334 1123 381 (nam
1157 332 1219 371 sic
1252 332 1424 387 scripsi)
1458 332 1591 372 Pedo-

143 430 223 468 ne,
252 415 406 457 „Marso
431 410 750 466 sae'nu'le'bnsqne,
783 411 941 465 negavi
979 409 1185 460 Tuscum,
1218 411 1380 464 Lupum
1411 411 1592 450 seniles-

144 508 226 551 que
270 493 527 548 quisquilias
576 505 602 532 a
651 489 935 545 grammatico
983 487 1142 529 Latino
1192 489 1413 529 inferioris
1453 490 1591 528 aetatis

142 574 340 615 auctores
384 571 506 611 citari
548 570 768 625 potuisse,
828 568 1009 623 opponit
1048 566 1300 617 Rabirium,
1360 567 1592 608 AEmih'um

141 651 372 700 Macrum,
418 649 631 690 I'edonem
663 652 725 702 (p.
758 647 883 698 320),
943 654 1018 686 aut
1046 647 1159 702 quod
1187 661 1280 696 me,
1331 645 1593 701 pusillorum

142 730 317 772 illorum
350 737 602 783 poetarum,
662 738 769 780 quos
803 724 992 766 Ovidius
1025 739 1120 766 cum
1154 725 1303 780 paucis
1336 723 1594 765 clarioribus

145 811 191 850 in
222 807 301 849 illa
330 805 515 862 epistola
543 805 745 846 amicitiae
779 817 932 854 causa,
975 812 1022 843 ut
1054 801 1130 853 fit,
1176 802 1350 853 laudat,
1392 817 1526 857 opera
1553 812 1596 843 et

145 888 303 929 sarnam
337 885 389 926 ad
422 884 717 939 posteritatem
748 881 1002 936 pervenisse
1035 894 1120 920 non
1161 880 1404 920 credentem
1437 880 1490 920 ad
1520 879 1600 921 Αι-

147 968 280 1015 ιὶιιιη,
309 963 566 1010 Afranium,
600 959 767 1009 Attam,
798 956 847 998 C.
872 958 1102 1008 Fannium,
1137 956 1363 1008 Catonem,
1394 957 1598 1009 Ennium,

146 1041 366 1083 Lucilium
400 1047 524 1080 vocat
571 1041 632 1092 (p.
660 1039 791 1088 320),
847 1040 1014 1092 primos
1045 1035 1235 1076 hommes
1264 1035 1600 1091 segnq‘ferosque,

146 1127 192 1161 ut
223 1119 284 1160 ait
313 1117 391 1158 ille
424 1118 518 1172 ipse
548 1115 772 1165 Lucilius,
831 1122 906 1156 aut
944 1114 1058 1170 quod
1090 1122 1261 1165 narrat,
1305 1113 1422 1164 fieri
1458 1119 1602 1155 tamen

140 1201 361 1253 potuisse,
419 1203 467 1236 ut
497 1203 585 1236 tres
615 1202 761 1235 essent
788 1202 957 1250 poetae,
1018 1192 1072 1242 Q.
1111 1191 1389 1242 Trinacrius,
1449 1192 1601 1248 Lupus

150 1274 350 1325 Siculus,
407 1273 560 1328 Lupus
590 1272 794 1323 Anilius,
853 1280 900 1312 ιιι
930 1286 1015 1313 non
1047 1271 1190 1312 fraudi
1222 1270 1462 1312 debeantur
1493 1273 1603 1312 mira

149 1353 241 1395 haec
273 1367 330 1394 ex
365 1350 516 1393 Ovidii
549 1366 621 1391 vv.
650 1351 707 1391 25
737 1358 780 1391 et
803 1351 860 1390 26
889 1350 1013 1405 quasi
1042 1347 1306 1404 pullulantia
1337 1351 1513 1390 nomina
1539 1352 1601 1405 (p.

148 1432 276 1482 326),
320 1438 394 1470 aut
426 1429 538 1484 quod
567 1429 771 1483 dogmata
796 1427 1084 1482 philosophice
1116 1441 1202 1468 non
1233 1435 1356 1481 putat
1379 1427 1606 1468 ridiculam

150 1523 247 1551 esse
275 1507 486 1565 poematis
518 1505 711 1564 plurium
753 1504 965 1547 librorum
996 1506 1323 1561 inscriptionem
1367 1508 1484 1557 (nam
1515 1507 1605 1561 epi-

152 1588 405 1644 grammatis
431 1584 666 1626 Goethiani
696 1593 811 1626 esset
840 1599 928 1626 non
961 1586 1126 1640 inepta)
1159 1586 1218 1639 (p.
1242 1585 1358 1638 324),
1388 1592 1462 1624 aut
1494 1584 1606 1639 quod

150 1667 469 1722 ineptissimum
499 1665 713 1720 poematis
746 1678 929 1714 nomen,
962 1664 1244 1704 Pindaricum
1276 1663 1605 1712 (emulationem,

152 1746 215 1786 ita
263 1744 483 1795 defendit,
539 1751 588 1783 ut
645 1744 786 1798 (paene
836 1743 1048 1793 dixerim,
1106 1741 1399 1799 impudenter)
1463 1750 1610 1796 neget,

151 1822 414 1879 Apuleium,
446 1823 519 1878 qui
552 1819 619 1862 bis
651 1822 715 1862 sic
743 1820 929 1872 scribat,
960 1819 1107 1872 Rtfies
1140 1824 1187 1861 in
1209 1819 1451 1867 Ρίηιῐανίεα
1481 1832 1608 1860 cemu—

155 1902 346 1953 Iatione,
391 1900 566 1942 titulum
596 1901 741 1955 operis
769 1901 930 1952 citare,
973 1908 1048 1940 aut
1076 1899 1189 1954 quod
1218 1898 1436 1939 hominem
1464 1899 1610 1948 istum,

157 1993 284 2034 quem
313 1977 550 2033 Apuleium
580 1986 729 2027 vocat,
780 1992 839 2019 ex
871 1977 1031 2018 ovidio
1061 1985 1289 2031 poetarum
1322 1976 1496 2015 nomina
1529 1989 1613 2015 non

159 2057 418 2105 corrasisse,
460 2069 519 2095 ex
550 2069 602 2095 eo
643 2063 791 2109 patere
821 2062 968 2108 putat,
1011 2053 1121 2109 quod
1151 2051 1328 2094 Rabirio
1361 2067 1611 2111 praenomen

160 2133 327 2174 dederit
361 2141 403 2173 et
438 2133 574 2186 qnod,
622 2147 748 2187 quem
783 2145 865 2186 ego
903 2131 1000 2171 dixi
1033 2145 1117 2171 non
1150 2130 1395 2181 indoctum,
1439 2129 1612 2171 Monta—

162 2225 265 2252 num
306 2224 365 2250 ex
399 2210 566 2251 Seneca
605 2211 719 2250 norit
752 2208 912 2250 Iulium
942 2209 1077 2250 fuisse
1111 2210 1168 2264 (p.
1201 2209 1326 2259 325),
1386 2216 1460 2249 aut
1502 2209 1614 2264 quod

161 2303 256 2340 me,
298 2287 412 2343 quod
445 2286 687 2328 inmede‘lum
710 2293 886 2342 poetam
917 2285 973 2328 T.
1009 2286 1223 2328 Veracem
1257 2286 1378 2337 dixi,
1430 2286 1614 2328 Vei-acis

163 2380 320 2408 nomen
352 2380 448 2407 esse
476 2365 681 2406 Latinum
711 2380 896 2422 negasse
930 2365 1066 2406 credit
1092 2373 1166 2406 aut
1199 2365 1314 2406 credi
1345 2364 1453 2406 vult.
1527 2366 1613 2407 Sed

166 2445 293 2487 taedet
324 2446 368 2485 in
412 2444 478 2485 his
517 2445 701 2494 morari,
762 2458 893 2500 quum
931 2458 984 2485 ne
1026 2444 1069 2484 id
1113 2444 1284 2500 quidem
1326 2443 1614 2494 intellexerit,

166 2523 267 2580 quid
295 2531 439 2573 esset,
474 2523 587 2578 quod
616 2523 856 2573 dixissem,
894 2523 1070 2563 minime
1101 2523 1292 2563 omnium
1325 2524 1370 2562 in
1404 2511 1617 2577 gramina-

164 2603 346 2643 ticorum
387 2609 582 2642 veterum
623 2600 746 2642 libris
783 2600 1076 2643 describendis
1128 2602 1270 2642 omitti
1306 2602 1499 2656 potuisse
1540 2615 1618 2641 ex-

167 2679 311 2736 empla
336 2680 618 2734 scriptorum,
661 2681 755 2720 sine
787 2679 943 2736 quibus
969 2679 1135 2721 nullum
1165 2694 1291 2720 usum
1317 2688 1461 2720 essent
1493 2678 1614 2719 habi-

170 2759 254 2799 turi
284 2759 342 2813 (p.
369 2759 495 2810 321),
556 2771 696 2814 neque
725 2757 860 2800 verba
892 2757 1052 2800 Latina
1083 2773 1166 2800 non
1201 2773 1304 2800 sane
1337 2757 1519 2798 obscura
1551 2759 1613 2798 in-

172 2838 397 2890 terpretari
427 2838 617 2891 potuerit
657 2840 718 2892 (p.
746 2838 860 2888 309).
954 2835 1051 2878 Non
1094 2852 1289 2879 narrasse
1333 2850 1453 2886 eum,
1508 2850 1614 2891 quos
