1981 3390
151 318 276 360 cuius
302 315 476 373 vulgari
507 315 783 357 enarratione
812 327 972 372 magna
1002 285 1104 370 pars
1133 328 1310 368 eorum,
1339 329 1435 373 quae
1462 333 1608 376 repre-

150 395 404 446 hendimus,
458 395 604 435 inesse
640 393 857 436 videatur.
947 393 1103 436 Satirae
1147 395 1264 436 enim
1295 396 1446 452 primae
1482 410 1525 440 v.
1549 398 1607 440 58

148 487 241 530 sqq.
278 473 370 514 haec
397 470 629 528 leguntur:

206 550 353 601 Quum
384 550 452 592 fas
483 564 581 592 esse
606 555 730 605 putet
761 562 909 591 curam
941 563 1120 605 sperare
1149 549 1356 604 cohortis,

208 627 297 678 Qui
326 627 442 671 bona
470 629 650 670 donavit
673 625 941 685 praesepibus
970 636 1014 668 et
1042 636 1160 669 caret
1189 630 1308 670 omni

202 705 421 749 Maiorum
454 721 612 757 censu,
645 706 746 747 dum
777 704 981 760 pervolat
1012 719 1100 747 axe
1127 707 1260 748 citato

203 784 466 827 Flaminiam
497 798 605 840 puer
633 782 936 826 Automedon:
965 797 1065 824 nam
1097 782 1193 825 lora
1224 782 1402 826 tenebat

202 863 317 919 Ipse,
330 860 657 917 (vulgsenebat,
667 859 783 915 Ipse)
794 859 1024 901 lacernatae
1038 874 1169 916 quum
1186 874 1233 901 se
1245 862 1427 904 iactaret
1438 862 1603 914 amicae,

201 940 358 982 Nonne
387 938 496 980 libet
526 937 670 979 medio
702 950 823 978 ceras
857 935 1042 992 implere
1074 951 1255 993 capaces

200 1015 474 1067 Quadrivio‘t'·
503 1015 584 1057 (fac.

144 1094 212 1137 Ita
229 1095 361 1146 euim,
388 1095 471 1135 etsi
487 1093 531 1135 id
551 1093 606 1134 ad
623 1100 817 1135 nostram
833 1092 1173 1150 disputationem
1191 1108 1277 1136 non
1299 1095 1502 1150 pertinet,
1533 1095 1600 1136 in-

142 1173 444 1229 terpungenda
475 1158 678 1213 extrema
709 1180 836 1223 sunt,
879 1171 1239 1228 quemadmodum
1266 1172 1503 1227 Rupertius
1536 1172 1600 1214 fe-

143 1252 229 1302 cit,
261 1258 310 1291 ut
337 1263 490 1291 versus
514 1250 570 1290 63
597 1249 895 1304 superioribus
925 1249 1214 1305 adiungatur3
1258 1249 1454 1305 alioquin
1485 1252 1601 1292 enim

142 1327 359 1385 particula
390 1341 514 1383 quum
547 1328 593 1367 in
625 1341 668 1368 v.
697 1327 753 1368 55
786 1335 830 1368 et
860 1327 916 1368 58
949 1341 1036 1368 non
1065 1326 1212 1378 habet,
1243 1341 1326 1382 quo
1359 1327 1600 1378 referatur3

141 1406 197 1447 ad
238 1405 316 1446 illa
361 1407 476 1446 enim
528 1402 622 1445 Sed
662 1403 769 1459 qnid
805 1408 946 1458 magis
980 1403 1059 1445 ‹stc-
1117 1404 1274 1445 referri
1318 1411 1406 1445 non
1442 1412 1601 1460 potest,

143 1496 274 1539 quum
308 1497 362 1524 ea
392 1496 472 1538 per
503 1494 551 1522 se
578 1481 777 1522 dicantur
807 1489 851 1522 et
878 1495 976 1522 cum
1006 1482 1351 1538 interrogatione
1381 1481 1462 1522 illa
1490 1481 1602 1523 Haec

144 1574 224 1617 ego
253 1573 340 1602 non
369 1564 531 1616 agitem
561 1560 792 1602 coniuncta
821 1561 922 1600 sint.
987 1558 1166 1615 Optime
1199 1568 1343 1601 autem
1373 1567 1417 1600 et
1446 1560 1602 1615 gravi-

143 1647 210 1681 ter
240 1641 287 1680 in
320 1653 364 1680 v.
392 1640 472 1692 64,
535 1637 612 1680 ubi
642 1637 879 1692 Rupertius
919 1649 1008 1678 non
1044 1647 1163 1680 recte
1195 1639 1440 1680 orationem
1472 1637 1600 1679 abru-

143 1726 263 1774 ptam
311 1717 440 1769 dicit,
497 1717 832 1772 interrogationi
879 1730 1043 1758 novum
1083 1715 1305 1757 foeditatis
1346 1715 1599 1772 exemplum

142 1795 403 1837 adnectitur.
495 1793 625 1836 Hunc
667 1795 803 1849 igitur
842 1792 1014 1845 locum,
1078 1808 1162 1850 quo
1193 1802 1367 1836 notatur
1395 1795 1600 1836 insanum

142 1871 358 1913 nobilium
396 1873 626 1928 aurigandi
670 1872 885 1924 studium,
938 1872 1159 1914 sordidum
1194 1881 1237 1914 et
1279 1856 1597 1927 ¹sumptuosum,

141 1951 401 2004 interpretes
432 1951 520 1990 iam
549 1950 650 1991 inde
680 1965 707 1991 a
735 1949 972 1991 scholiasta
1017 1950 1091 2000 (ad
1121 1964 1163 1991 v.
1194 1951 1265 2001 59)
1293 1951 1331 1999 1)
1374 1950 1430 1989 ad
1458 1947 1599 1990 Nero-

145 2040 246 2069 nem
275 2027 471 2067 referunt
503 2035 546 2066 et
569 2027 633 2066 ita
658 2034 883 2075 enarrant,
932 2034 980 2065 ut
1013 2028 1155 2066 notari
1187 2025 1407 2066 hominem
1439 2026 1600 2078 dicant,

148 2105 246 2160 qui,
277 2104 569 2158 consumptis,
611 2103 712 2144 dum
741 2102 908 2144 Neroni
933 2102 1163 2158 aurigandi
1190 2101 1379 2145 officium
1408 2112 1600 2160 praestet,

144 2181 299 2232 bonis,
364 2180 523 2221 audeat
554 2181 648 2221 sive
682 2179 950 2222 tribunatum
982 2180 1216 2222 militarem
1241 2182 1336 2223 sive
1367 2184 1432 2233 (ut
1464 2180 1598 2237 pleri-

226 2333 413 2368 nusquam
437 2321 647 2365 nominari,
674 2321 794 2357 Gellii
816 2321 960 2358 librum
983 2326 1157 2359 octavum
1181 2335 1256 2359 non
1282 2335 1500 2368 superesse,
1532 2325 1598 2360 sed

227 2384 394 2430 capitum
419 2383 498 2418 eius
521 2383 705 2426 indicem,
752 2384 792 2419 in
818 2395 923 2430 capp.
950 2385 996 2420 13
1019 2390 1057 2420 et
1080 2386 1127 2419 14
1145 2385 1252 2420 -nihil
1276 2386 1322 2420 de
1349 2386 1512 2422 Laberio
1540 2386 1597 2422 di-

227 2449 331 2480 ctum
356 2444 489 2487 fuisse,
517 2446 580 2480 sed
607 2458 637 2481 c.
665 2445 711 2480 15
736 2445 903 2491 aliquid,
929 2445 1026 2480 nihil
1052 2451 1178 2481 tamen
1202 2447 1248 2480 de
1270 2447 1470 2483 Laureolo.
1522 2448 1597 2483 Ne-

223 2517 296 2551 que
321 2511 447 2540 tamen
471 2507 550 2540 haec
574 2506 628 2541 ita
656 2507 820 2552 intelligi
843 2507 979 2549 velim,
1027 2507 1133 2552 quasi
1162 2518 1236 2542 non
1275 2509 1416 2543 multos
1444 2507 1597 2543 libellos

223 2566 474 2612 philologicos
500 2567 703 2603 deteriores
727 2569 838 2604 valde
861 2569 1035 2604 laudatos
1058 2569 1232 2614 legerim.

167 2627 206 2672 ¹)
233 2629 359 2672 Quum
383 2629 626 2664 scholiastam
652 2629 756 2671 dico,
784 2641 902 2664 unum
928 2641 971 2663 ex
994 2629 1039 2663 iis
1065 2628 1260 2676 intelligo,
1294 2641 1453 2676 quorum
1482 2629 1598 2664 adno-

226 2688 413 2732 tationes,
459 2681 567 2726 aetat‘e
603 2694 642 2725 et
673 2689 843 2725 bonitate
877 2689 1158 2734 diversissimae,
1209 2701 1365 2726 corrasae
1391 2693 1477 2726 sunt
1503 2689 1596 2724 etin

224 2759 344 2784 unum
368 2761 503 2797 corpus
529 2752 720 2794 conflatae;
768 2762 844 2787 non
871 2755 926 2789 est
950 2756 1077 2790 autem
1101 2763 1232 2789 recens
1256 2753 1329 2789 hoc
1353 2749 1598 2798 significatio-

228 2820 318 2846 num
341 2814 612 2859 captandarum
635 2812 813 2850 studium.

1311 2887 1334 2921 3
