1981 3390
462 224 562 274 512

513 343 652 386 Paulo
676 353 773 402 post
796 345 865 397 (ut
887 345 1122 401 aliquando
1143 349 1245 398 ista,
1276 357 1371 403 qnoe
1401 352 1503 388 suut
1522 347 1694 401 inflata,
1728 361 1839 390 rum-

392 422 574 476 pantur)
608 423 775 465 nullum
802 423 981 464 subesse
1007 424 1144 475 ulcus,
1178 424 1313 465 Paris.
1343 433 1385 464 et
1406 425 1495 465 Erf.
1521 425 1840 476 demonstrant3

395 501 479 541 ilia
507 500 669 541 infelix
701 508 768 541 est
799 501 936 554 ipsius
966 499 1102 540 Iuntae
1133 501 1486 543 additamentum.

515 576 563 617 C.
597 578 638 627 5,
673 579 723 617 11
759 591 782 616 e
817 575 938 617 codd.
964 575 1108 617 vatic.
1137 585 1180 617 et
1205 577 1440 619 Parisiensi
1472 579 1842 622 consentientibus

395 653 669 695 scribendum
697 661 784 694 est:
818 652 995 693 Habeat
1015 652 1095 693 hoc
1112 657 1285 706 praemii
1304 659 1384 694 'tua
1401 656 1668 709 indignitas,·
1705 658 1839 714 vulgo

396 740 461 771 est
491 734 723 785 praemium.
786 729 870 770 Illa
909 730 1049 770 forma
1090 728 1321 772 obliterata
1361 733 1492 773 etiam
1533 733 1638 774 alibi
1673 743 1762 785 est,
1794 744 1842 775 ut

392 822 469 861 pro
503 807 673 849 Cluent.
704 808 785 857 26,
829 808 909 857 71,
950 806 1026 848 ubi
1069 806 1320 848 Classenius
1363 823 1459 850 eam
1495 812 1708 861 restituit,
1751 819 1794 851 et
1822 810 1843 851 I

393 887 438 927 in
470 885 599 927 Catil.
637 887 691 935 8,
735 887 815 935 19,
859 883 935 925 ubi
968 899 1049 941 ego
1080 886 1240 926 reduxi
1277 888 1341 937 (in
1380 887 1481 927 edit.
1517 887 1610 929 XII
1644 887 1788 940 oratt.)
1818 902 1844 929 e

395 964 487 1006 cod.
513 962 628 1004 Mur.
661 970 704 1002 et
732 960 999 1012 Barberino,
1040 962 1239 1018 alioque,
1280 965 1351 1018 qui
1383 965 1539 1005 citatur
1568 966 1614 1005 in
1646 967 1843 1019 margine

393 1042 698 1092 repetitionum
740 1038 924 1078 Lambb.
969 1039 1063 1091 (sed
1097 1041 1273 1093 opinor,
1317 1041 1408 1081 fere
1447 1042 1492 1081 in
1539 1041 1738 1082 omnibus
1781 1043 1845 1083 sic

394 1116 505 1173 legi)
538 1114 885 1170 editionibusque
917 1123 1023 1156 vett.
1090 1115 1260 1156 Deinde
1298 1125 1414 1157 recte
1441 1117 1587 1159 Vatic.
1619 1125 1669 1159 ut
1695 1119 1842 1160 adole-

393 1198 566 1236 scentioe
595 1193 815 1247 turpitudo
857 1192 1119 1234 obscuritate
1160 1198 1201 1233 et
1233 1192 1430 1234 sordibus
1457 1193 1706 1248 obtegatur,-
1745 1210 1844 1249 pro-

394 1286 567 1322 nomen,
598 1271 712 1326 quod
747 1271 916 1311 additur
945 1272 991 1311 in
1020 1269 1200 1325 reliquis
1231 1279 1328 1326 post
1354 1271 1564 1321 sorde'bus,
1595 1280 1660 1312 est
1681 1273 1725 1313 in
1748 1285 1847 1313 sen·

396 1351 532 1390 tentia
565 1349 794 1404 primaria;
833 1349 1064 1403 repetitum
1098 1349 1187 1389 vim
1221 1349 1429 1389 orationis
1463 1349 1638 1404 frangit.
1704 1349 1844 1391 Omit-

395 1428 629 1469 tendumne
658 1426 790 1481 paulo
832 1434 932 1467 ante
970 1427 1026 1466 sit
1057 1431 1142 1466 tuae
1172 1435 1271 1480 post
1302 1429 1471 1477 aetatis‚
1514 1426 1740 1468 diiudicari
1768 1442 1846 1483 po-

395 1507 520 1556 terit,
565 1504 640 1545 ubi
684 1505 953 1555 constiterit,
996 1501 1231 1544 Bernensis
1274 1505 1572 1544 consentiatne
1609 1518 1704 1545 cum
1746 1504 1845 1545 Par.

396 1597 450 1623 an
479 1583 720 1623 dissentiat.

516 1659 565 1699 In
599 1660 813 1714 proximis
844 1660 1011 1712 minora
1051 1658 1244 1713 quoedam
1285 1657 1551 1699 emendanda
1583 1665 1704 1706 sunt;
1744 1671 1844 1699 nam

397 1740 421 1788 ξ
460 1738 514 1778 12
554 1736 734 1776 meliore
777 1737 927 1777 ordine
967 1749 1024 1776 ex
1064 1735 1187 1786 Pan,
1231 1735 1348 1786 Erf.‚
1395 1737 1533 1775 veteri
1566 1734 1658 1775 cod.
1691 1733 1846 1776 Lamb-

396 1814 667 1855 scribendum
703 1822 768 1853 est
809 1814 1006 1867 querelas
1037 1813 1393 1861 Puteolanorum,
1437 1819 1479 1852 et
1517 1814 1568 1860 6,
1611 1798 1666 1853 '14
1699 1826 1722 1852 e
1753 1812 1845 1853 cod.

395 1892 539 1933 Vatic.
569 1890 882 1945 Pythagoreum
918 1904 996 1943 pro
1027 1889 1375 1944 Pythagoricum,
1421 1903 1514 1944 quae
1546 1888 1684 1930 forma
1713 1891 1843 1931 etiam

396 1969 418 2010 Ι
448 1970 500 2010 de
529 1969 678 2010 Divin.
707 1970 785 2019 3⁰,
824 1970 880 2008 62
912 1967 1047 2008 Gellii
1086 1969 1340 2008 auctoritate
1384 1965 1647 2021 expellenda
1680 1975 1769 2017 est,
1803 1975 1847 2008 et

396 2047 526 2104 paulo
557 2056 655 2103 post
689 2060 741 2087 ex
770 2045 984 2096 omnibus,
1018 2047 1194 2100 opinor,
1228 2044 1372 2086 codd.:
1404 2057 1612 2098 augurum
1642 2058 1847 2098 responsa

398 2132 527 2180 atque
564 2129 657 2166 eius
689 2125 869 2179 collegii
906 2126 1205 2178 arrogantiam
1246 2122 1546 2177 impedimento
1580 2135 1664 2162 non
1679 2120 1847 2171 futura
1914 2145 1920 2149 κ

396 2218 474 2259 pro
491 2204 722 2253 suturam,
753 2211 795 2242 et
827 2204 850 2253 ξ
882 2203 936 2242 15
968 2215 1026 2242 ex
1059 2201 1182 2251 Pan,
1216 2200 1336 2251 Era,
1366 2199 1486 2241 codd.
1517 2199 1698 2241 Lamb.:
1744 2212 1847 2255 quo·

398 2286 513 2322 niam
542 2280 613 2321 liic
642 2282 759 2321 locus
792 2285 854 2320 est
885 2292 995 2320 uuus
1026 2293 1125 2334 pro:
1161 2292 1270 2320 unus
1290 2283 1366 2328 est,
1399 2276 1613 2319 vocabulo
1643 2278 1845 2332 graviore

399 2359 443 2398 in
477 2356 606 2397 finem
640 2358 865 2396 sententiae
898 2357 1074 2395 reiecto.

517 2432 566 2474 C.
597 2434 640 2484 7,
679 2434 756 2482 16,
798 2430 874 2471 ubi
915 2431 1076 2471 editur:
1122 2429 1175 2470 de
1214 2429 1366 2484 quibus
1412 2429 1517 2470 duos
1560 2434 1846 2483 praetextatos

398 2512 594 2554 sedentes
625 2509 759 2559 vides,
792 2514 836 2549 te
866 2507 1092 2549 oedilitiam
1120 2512 1380 2560 praetea·tam
1406 2512 1562 2562 togam,
1595 2521 1719 2562 quam
1737 2505 1846 2556 fru-

399 2595 492 2631 stra
521 2587 797 2638 corffeceras,
826 2584 1087 2634 vendidisse,
1120 2584 1305 2625 molesta
1337 2584 1571 2626 verborum
1601 2584 1847 2625 redundan-

399 2668 483 2717 tia,
516 2667 677 2720 optime
711 2663 802 2706 eod.
836 2663 980 2705 Vatic.
1013 2663 1173 2703 omittit
1204 2661 1458 2713 aedilitiam,
1498 2661 1611 2718 quod
1652 2663 1747 2717 ipsa
1778 2675 1848 2703 res

400 2746 594 2800 spurium
636 2757 732 2785 esse
777 2742 949 2797 arguit3
988 2754 1087 2781 nam
1126 2739 1179 2780 ad
1212 2745 1499 2794 praetextatos
1537 2739 1690 2780 referri
1720 2738 1850 2780 debet

394 2827 618 2878 praetexta
643 2827 761 2877 toga,
793 2833 877 2864 non
909 2818 1116 2871 aedilitia,
1149 2816 1303 2861 saltem
1333 2832 1418 2860 non
1450 2817 1533 2861 hoc
1559 2817 1774 2874 ptaeponi3
1805 2824 1848 2858 et
