1981 3390
1413 208 1509 258 511

132 331 230 372 inde
279 331 425 386 sperni
475 341 562 371 non
609 334 779 384 potest,
832 327 945 383 quod
989 327 1033 368 in
1076 327 1290 370 Vaticano
1334 338 1400 370 est
1440 329 1501 386 (et
1539 332 1583 372 in

131 408 334 450 lemmate
375 417 418 449 et
457 409 501 448 in
533 406 725 447 adnotat.
771 404 1012 459 extrema):
1043 405 1198 456 forum
1237 413 1420 458 mulum,
1466 415 1583 449 mum

132 492 280 537 rurist,
323 489 465 527 omnia
503 484 689 539 almique
728 482 932 524 bonarum
970 488 1128 524 artium
1167 485 1314 526 simlia
1345 485 1582 533 siluerunt,-

131 564 267 619 vulgo
311 561 513 604 scribitur
546 561 701 612 forum
750 568 967 602 maestum.
1045 561 1250 603 Graviter
1294 562 1443 604 eadem
1491 577 1583 603 vox

128 642 266 696 repeti
313 641 509 691 videtur,
569 649 616 680 ut
664 641 707 680 iu
753 640 903 681 endem
947 640 1112 681 silentii
1163 642 1336 682 notione
1381 642 1587 694 persistat

130 721 285 760 oratio.
349 719 486 760 Paulo
512 727 608 774 post
634 718 863 759 delendum
899 727 964 759 est
991 719 1053 759 ael
1077 727 1176 760 ante
1198 723 1463 768 memoriam,
1503 731 1582 773 pro

128 811 212 851 quo
247 798 290 837 in
320 797 444 848 Pan,
476 798 583 848 Erf„
617 796 785 838 duobus
817 797 944 838 Oxx.
978 805 1044 838 est
1075 801 1147 847 in,
1180 805 1318 838 ortum
1353 811 1412 838 ex
1442 798 1582 851 prima

129 873 393 915 substantivi
424 875 577 926 litora,
612 883 655 915 et
687 889 747 916 ex
781 875 904 916 codd.
938 875 1060 925 Pan,
1095 875 1213 924 Eril,
1246 873 1376 915 Barb.
1411 882 1454 914 et
1484 874 1581 914 edd.

131 960 237 993 vett.
279 952 576 994 scribendum:
623 966 716 992 cum
759 956 888 993 unius
927 966 1022 993 mea
1060 953 1203 992 salute
1238 966 1316 1007 pro
1359 965 1451 993 cum
1489 965 1585 993 mea

128 1033 256 1070 unius
285 1031 428 1070 salute
457 1030 588 1084 (conf.
620 1029 874 1071 XVunderus
906 1031 959 1070 ad
988 1029 1137 1072 Plane.
1167 1045 1209 1083 p.
1241 1030 1355 1082 157).

247 1105 296 1147 C.
325 1109 378 1158 4,
408 1109 437 1148 9
469 1108 629 1148 codicis
659 1107 784 1159 Pan,
823 1106 977 1159 Bern.,
1015 1107 1105 1149 Ox.
1153 1110 1281 1148 unius
1325 1109 1584 1150 auctoritato

128 1183 324 1225 tollenda
353 1193 420 1225 est
449 1187 592 1226 inanis
625 1187 826 1240 repetitio
860 1200 945 1227 non
976 1192 1039 1226 est
1065 1199 1197 1238 sane,
1236 1199 1321 1227 non
1354 1192 1440 1237 esc,
1475 1195 1585 1237 orta,

129 1270 176 1302 ut
211 1262 326 1314 alia,
373 1265 415 1303 in
457 1262 602 1319 aliquo
649 1266 786 1305 tertioe
828 1264 1005 1306 familiae
1038 1265 1184 1305 codice
1216 1266 1359 1305 minus
1393 1263 1508 1305 bono
1542 1272 1586 1305 et

129 1340 229 1380 inde
256 1351 521 1396 propagata3
553 1341 700 1382 nullus
732 1341 800 1383 hic
833 1351 898 1383 est
925 1351 1055 1384 tantae
1087 1344 1403 1384 asseverationi
1436 1351 1478 1382 et
1509 1341 1586 1383 ob·

130 1421 352 1459 testationi
380 1419 502 1460 locus
536 1421 578 1460 in
612 1421 810 1461 oratione
841 1436 974 1476 prope
1001 1422 1051 1462 ad
1078 1422 1485 1462 sermocinationem
1511 1421 1584 1460 de-

129 1497 378 1537 scendente.
454 1497 592 1538 Paulo
624 1506 721 1553 post
758 1501 865 1549 §10
896 1499 1018 1540 locus
1051 1508 1117 1540 est
1147 1498 1396 1540 lacunosus.
1473 1497 1586 1539 Nam

67 1628 72 1631 ξ
129 1574 174 1613 in
205 1573 351 1614 codice
382 1572 512 1615 Bern.
543 1584 586 1615 et
618 1575 709 1615 Erf.
740 1577 803 1616 sic
833 1576 1057 1617 scribitur:
1103 1576 1194 1617 Sed
1224 1583 1367 1617 tamen
1398 1576 1451 1616 cle
1482 1576 1586 1626 (hoc

128 1665 207 1703 pro
248 1664 304 1691 ne
344 1660 485 1693 ortum
520 1666 579 1693 ex
616 1652 670 1693 de
708 1659 777 1703 te,
821 1654 933 1708 quod
968 1655 1171 1709 praeeedit
1201 1662 1244 1695 et
1275 1654 1488 1708 sequitur)
1521 1667 1587 1694 me

131 1741 223 1767 cum
252 1726 320 1768 Ῐηῗε
348 1729 620 1782 γνίιιείρίὂιιε
653 1733 869 1780 civitatis,
911 1735 989 1784 qui
1015 1732 1175 1772 adsunt
1210 1732 1258 1772 P.
1300 1730 1468 1781 Sestio,
1511 1731 1589 1772 sed

130 1811 177 1846 ut
204 1811 342 1846 {ecum
375 1805 545 1846 homine
576 1819 660 1848 uno
685 1820 770 1849 non
801 1808 937 1848 solnm
966 1808 1330 1861 impitdeucessimo
1361 1815 1492 1863 atque
1520 1812 1586 1849 in-

115 1881 227 1932 fimo
264 1882 513 1933 conferam,
547 1884 600 1924 de
629 1889 673 1924 te
701 1888 817 1940 ipso,
862 1883 1031 1925 homine
1072 1891 1117 1926 et
1153 1890 1510 1939 arrogantissimo
1544 1891 1590 1926 ec

130 1959 239 2001 mihi
263 1964 576 2012 inimicissimo,
611 1961 743 2016 (milti
768 1963 927 2003 omittit
946 1962 1055 2017 Erf.)
1074 1976 1218 2018 quoero
1240 1972 1344 2011 cet.;
1376 1965 1419 2004 in
1447 1964 1584 2006 Paris.

131 2047 198 2079 est
226 2045 278 2080 nt
301 2045 441 2080 tecum
474 2053 591 2089 cum,
626 2041 664 2080 si
693 2048 811 2082 recte
842 2040 1086 2096 Krarupius
1116 2042 1306 2089 notavit3
1348 2042 1422 2082 sed
1455 2043 1499 2082 in
1533 2055 1585 2082 eo

131 2115 187 2157 ob
237 2116 426 2158 similem
474 2119 825 2159 terminationem
870 2119 1129 2160 exciderunt
1178 2124 1308 2173 atque
1346 2118 1499 2168 infimo
1532 2143 1587 2151 —-

132 2199 514 2249 arrogante'sse'm0‚
550 2194 678 2236 oculo
697 2195 865 2237 librarii
886 2195 939 2237 ab
965 2197 1331 2251 impudentissimo
1354 2196 1437 2238 hue
1461 2195 1586 2238 aber·

130 2281 270 2312 rante.
334 2271 422 2313 Sed
461 2271 648 2313 similem
686 2287 877 2321 errorem
909 2276 1186 2316 manifestum
1216 2284 1282 2316 est
1307 2276 1392 2316 iam
1420 2276 1463 2315 in
1491 2275 1583 2316 cod.

131 2349 365 2404 archetypo
407 2349 636 2391 scribendo
676 2351 901 2392 accidisse.
973 2352 1085 2394 Nam
1126 2367 1257 2394 voces
1305 2366 1390 2393 non
1437 2353 1586 2404 solum,

132 2440 240 2481 quas
273 2427 446 2482 quidam
478 2441 684 2483 perverse
725 2428 872 2470 delent
911 2439 985 2471 aut
1018 2439 1207 2482 mutant,
1248 2432 1438 2486 vestigia
1474 2433 1585 2472 veri-

133 2505 233 2544 tatis
266 2504 498 2556 tollentes,
544 2505 655 2547 hanc
697 2506 834 2548 fuisse
873 2510 1083 2550 orationis
1116 2509 1300 2549 formam
1335 2508 1587 2549 ostendunt:

132 2581 210 2621 sed
226 2587 276 2621 ut
296 2586 449 2632 tecum,
482 2581 650 2623 homine
679 2597 765 2624 nno
798 2596 884 2626 non
913 2587 1047 2627 solum
1079 2587 1458 2642 impudentissimo,
1488 2583 1589 2640 [sed

133 2658 518 2714 contemptissimo]
554 2664 684 2714 alque
723 2661 876 2710 infimo
916 2664 1162 2715 conferam,
1211 2664 1265 2705 de
1296 2669 1339 2704 te
1376 2666 1469 2718 ipso
1504 2671 1587 2704 etc.

131 2735 279 2791 Ipsum
322 2736 608 2787 vocabulum,
661 2739 773 2793 quod
806 2738 960 2783 Cicero
993 2743 1213 2798 posuerit,
1251 2755 1320 2784 me
1362 2755 1447 2783 non
1480 2754 1587 2798 prae-

132 2823 248 2856 stare
281 2814 530 2871 suppletum
559 2829 679 2866 esse,
711 2818 793 2859 vix
825 2831 934 2874 opus
965 2828 1033 2861 est
1056 2820 1155 2861 dici.
