1981 3390
412 233 511 282 310

343 356 546 409 poterunt
587 351 632 391 in
666 348 813 392 Gallia
844 348 1029 391 Italiave
1065 357 1140 390 aut
1183 347 1312 399 alibi,
1357 348 1467 403 qnod
1511 361 1614 388 sane
1658 350 1792 389 susci-

343 431 459 485 piet,
506 430 580 485 qui
609 442 751 483 operae
782 429 970 484 pretium
1012 428 1058 468 in
1100 426 1303 467 Lucretio
1345 425 1609 466 recensendo
1649 425 1792 466 facere

344 506 490 557 volet,
519 514 664 546 tamen
694 520 742 547 re
785 519 892 546 vera
933 505 1062 544 unius
1104 511 1270 543 tantum
1309 512 1448 558 neque
1489 504 1595 543 satis
1634 503 1795 557 integri

349 584 510 625 codicis
542 584 755 637 scriptura
786 579 1031 622 habebitur.
1089 580 1177 620 Sed
1206 580 1358 620 horum
1382 589 1627 634 utrumque,
1660 587 1703 619 et
1735 592 1795 619 ex

347 675 435 701 uno
468 659 615 700 codice
645 671 795 698 omnes
825 659 955 697 etiam
989 655 1191 696 meliores
1221 670 1316 696 esse
1348 657 1567 698 derivatos
1599 664 1642 696 et
1670 654 1796 695 illum

349 751 436 777 non
466 737 795 789 integerrimum
834 741 876 774 et
909 732 962 773 ad
995 731 1227 786 legendum
1261 731 1481 773 difficilem
1514 734 1676 784 fuisse,
1706 747 1795 773 ma-

349 815 472 854 xime
511 819 691 867 apparet
723 824 783 851 ex
820 823 894 859 eo,
937 809 1048 864 quod
1091 808 1244 849 iisdem
1283 809 1327 849 in
1365 808 1474 849 locis
1519 823 1690 859 omnes,
1724 811 1797 864 qui

347 891 442 932 noti
472 897 587 939 sunt,
617 888 787 929 codices
818 886 996 928 lacunas
1024 885 1199 926 habent.
1261 885 1396 926 Velut
1425 887 1469 926 in
1500 885 1612 926 libro
1644 887 1798 941 primo,

347 966 424 1008 ubi
460 967 512 1007 de
544 966 825 1020 Anaxagora:
867 959 1157 1019 ὁμοιομερείᾳ
1189 963 1458 1016 disputatur,
1498 964 1544 1003 in
1577 962 1796 1004 codicibus

348 1043 395 1086 hi
424 1057 576 1086 versus
607 1042 812 1097 leguntur
840 1042 963 1093 (859,
990 1042 1100 1091 860,
1131 1041 1375 1090 862-865);

459 1157 692 1207 Praeterea,
724 1156 926 1211 quoniam
961 1152 1082 1194 cibus
1112 1161 1243 1209 auget
1275 1168 1428 1208 corpus
1458 1153 1620 1208 alitque

462 1234 583 1276 Scire
615 1232 743 1282 licet,
775 1231 900 1272 nobis
935 1244 1068 1272 venas
1100 1238 1142 1270 et
1171 1244 1366 1284 sanguen
1395 1238 1437 1270 et
1471 1244 1569 1270 ossa

473 1334 1602 1351 .................

461 1387 567 1429 Sive
598 1385 718 1427 cibos
749 1399 899 1426 omnes
933 1385 1169 1425 commixto
1201 1398 1381 1439 corpore
1412 1383 1554 1423 dicent

459 1465 595 1514 Esse,
629 1472 672 1504 et
703 1462 863 1504 habere
896 1464 940 1503 in
971 1476 1017 1502 se
1044 1454 1276 1502 nervorum
1306 1475 1489 1515 corpora
1518 1474 1653 1515 parva

462 1541 661 1596 Ossaque
692 1548 735 1580 et
764 1541 938 1580 omnino
976 1552 1106 1579 venas
1137 1546 1366 1593 partesque
1400 1538 1578 1587 cruoris,

461 1619 585 1668 Fiet,
615 1619 679 1658 uti
712 1604 833 1657 oibu‘s
866 1624 945 1657 eto.

352 1733 442 1776 Sed
483 1747 612 1788 quum
644 1739 841 1787 apertum
874 1739 1012 1780 esset,
1054 1729 1205 1770 deesse
1238 1728 1396 1782 prioris
1428 1727 1669 1782 apodoseos
1702 1739 1798 1780 par·

352 1821 464 1862 tem,
500 1811 552 1851 ad
585 1810 776 1850 hiantem
804 1809 1042 1850 orationem
1067 1805 1327 1861 explendam
1360 1807 1632 1860 excogitatus
1662 1811 1727 1843 est
1757 1811 1800 1843 et

351 1887 405 1930 ab
440 1887 639 1929 omnibus
671 1895 869 1942 receptus
902 1898 1055 1925 versus
1092 1884 1153 1924 ad
1189 1884 1446 1924 sententiam
1479 1891 1622 1923 rectus
1654 1880 1799 1935 (861):

461 1988 517 2028 Et
546 2000 703 2028 nervos
733 1985 992 2040 alienigenis
1024 1997 1082 2024 ex
1113 1982 1308 2039 partibus
1342 1996 1452 2023 esse.

350 2089 394 2131 Is
421 2101 575 2130 versus
606 2088 651 2127 in
684 2100 769 2126 uno
803 2084 1054 2140 apographo
1095 2082 1231 2124 seculi
1263 2081 1356 2123 XV
1397 2089 1566 2131 exstat,
1608 2089 1796 2122 ceterum

352 2181 406 2207 ne
449 2167 493 2205 in
525 2166 676 2219 primis
716 2163 888 2218 quidem
933 2161 1208 2203 editionibus.
1283 2158 1450 2200 Similis
1498 2166 1562 2198 est
1603 2157 1723 2199 locus
1756 2158 1801 2198 in

351 2242 463 2283 libro
491 2241 581 2291 ΙΙΙ,
614 2241 689 2281 ubi
716 2242 767 2281 de
800 2239 1125 2280 immortalitate
1157 2239 1309 2278 animae
1340 2235 1386 2276 hi
1419 2249 1571 2276 versus
1606 2236 1650 2275 in
1683 2234 1798 2275 codi-

352 2318 473 2362 cibus
505 2318 710 2373 leguntur
742 2317 841 2372 (830
874 2316 1006 2370 sqq.)2

463 2428 591 2477 Quod
626 2427 664 2466 si
693 2426 804 2466 forte
835 2424 931 2464 ideo
964 2423 1100 2477 magis
1133 2420 1389 2462 immortalis
1419 2419 1618 2461 habenda
1653 2428 1734 2471 est,

464 2503 590 2554 Quod
617 2502 824 2544 vitalibus
851 2499 1090 2553 (letalibus)
1123 2498 1175 2539 ab
1207 2497 1336 2539 robus
1365 2499 1527 2538 munita
1558 2505 1742 2547 tenetur,

463 2582 555 2625 Aut
586 2583 687 2637 quia
719 2594 803 2620 non
835 2580 1015 2620 veniunt
1044 2578 1219 2617 omnino
1251 2575 1393 2616 aliena
1426 2575 1594 2623 salutis,

461 2658 553 2700 Aut
582 2659 704 2714 quia,
735 2671 827 2713 quae
859 2657 1064 2705 veniunt,
1103 2653 1248 2708 aliqua
1282 2655 1448 2694 ratione
1483 2651 1689 2693 recedunt

461 2735 594 2777 Pulsa
625 2736 758 2792 prius,
787 2748 930 2790 quam,
964 2732 1063 2788 quid
1095 2739 1291 2782 noceant,
1325 2732 1485 2772 sentire
1516 2741 1738 2785 queamus,

603 2839 1093 2853 nnnnnnnn
