1981 3390
415 241 514 290 230

348 361 384 402 si
435 360 730 402 tantummodo
777 359 1002 401 translatio
1045 360 1230 400 nominis
1276 356 1569 414 significetur,
1618 371 1713 399 eam
1748 359 1792 398 in

348 436 429 478 hac
458 452 505 478 re
534 439 617 479 nisi
641 451 726 493 per
755 442 1027 478 novationem
1061 435 1158 477 fieri
1197 450 1283 477 non
1322 438 1514 492 potuisse
1543 435 1664 486 (coll.
1695 433 1797 476 Gaii

348 513 455 557 Inst.
486 514 552 565 II,
584 516 684 567 38);
728 529 856 570 quum
903 523 1046 554 autem
1079 527 1137 554 aes
1171 513 1362 556 alienum
1392 513 1470 554 illa
1499 521 1625 554 aetate
1657 512 1797 553 maxi-

349 606 464 633 mam
494 600 659 647 partem
690 593 797 631 nexi
830 589 1098 645 obligatione
1132 591 1328 637 contrahi
1359 590 1536 631 solitum
1571 603 1667 630 esse
1701 602 1799 643 pro-

351 668 496 710 babile
529 670 600 718 sit,
634 682 722 708 non
749 667 942 721 potuisse
971 666 1048 707 illo
1080 667 1207 707 modo
1235 668 1304 707 ius
1329 668 1553 708 creditoris
1583 667 1635 707 ad
1665 665 1798 706 alium

351 745 592 795 transferri,
623 745 708 785 nisi
739 744 812 798 qui
840 744 1085 797 mancipare
1107 751 1268 797 posset.
1325 743 1491 784 Verum
1514 744 1690 784 Livium
1712 757 1799 783 non

352 822 543 871 nomina,
577 834 670 876 quae
700 821 786 861 iam
816 820 931 860 facta
962 828 1122 870 essent,
1153 819 1307 860 deinde
1337 819 1392 860 ad
1421 822 1560 860 socios
1589 819 1799 861 translata

353 897 602 954 significare
634 905 766 952 puto,
807 900 923 945 (nam
957 898 1130 937 omnino
1164 894 1262 937 fieri
1299 898 1476 937 nomina
1514 896 1638 952 leges
1682 904 1803 937 tanta

355 990 486 1016 usura
516 974 765 1028 vetabant),
793 975 869 1015 sed
898 973 951 1014 ab
977 975 1101 1014 initio
1134 975 1196 1014 ita
1226 973 1366 1024 facta,
1401 981 1448 1013 ut
1475 988 1554 1028 pro
1587 975 1680 1015 cive
1712 988 1802 1014 cre-

354 1053 494 1094 ditore
521 1050 760 1107 fingeretur
792 1059 834 1092 et
865 1050 1200 1091 substitueretur
1226 1052 1385 1101 socius,
1416 1051 1490 1104 qui
1520 1064 1670 1092 rursus
1699 1065 1804 1091 vero

356 1129 560 1171 creditori
599 1128 768 1170 debitor
808 1127 956 1176 fieret3
1003 1128 1057 1169 ad
1100 1141 1227 1183 quam
1268 1142 1359 1168 rem
1401 1129 1658 1178 commercio
1696 1141 1805 1182 opus

356 1221 443 1248 non
474 1214 580 1248 erat.
644 1204 737 1248 Nec
768 1207 814 1246 in
847 1205 1052 1246 historico
1083 1204 1218 1245 verba
1247 1204 1452 1258 ambigua
1473 1204 1527 1244 ad
1550 1205 1657 1245 iuris
1678 1217 1802 1245 usum

356 1284 603 1325 revocanda
618 1296 712 1323 esse
728 1283 870 1323 credo.
914 1281 1139 1336 Alioquin,
1153 1282 1190 1320 si
1206 1281 1406 1321 creditori
1423 1281 1508 1322 civi
1521 1281 1804 1321 successisset

358 1363 525 1413 socius,
559 1360 714 1401 iisdem
741 1358 914 1413 legibus
946 1359 1132 1413 pecunia
1161 1359 1201 1398 ei
1228 1357 1484 1408 deberetur,
1517 1357 1672 1412 quibus
1697 1358 1806 1405 civi3

357 1440 504 1493 itaque
527 1436 637 1478 nihil
668 1450 776 1492 opus
808 1437 964 1476 fuisset
994 1443 1142 1477 contra
1169 1449 1265 1475 eum
1295 1436 1525 1490 petitorem
1558 1447 1673 1474 nova
1693 1432 1807 1488 lege,

359 1528 452 1570 quae
475 1530 588 1557 nunc
621 1514 789 1554 demum
818 1521 967 1554 sancta
997 1521 1077 1563 est,
1108 1513 1161 1553 ad
1187 1514 1328 1566 ipsum
1360 1519 1603 1552 contractus
1636 1512 1807 1551 initium

360 1601 506 1647 aperte
529 1600 742 1646 spectanS,
776 1597 823 1632 ut
853 1604 945 1631 eum
976 1593 1107 1630 socc'e‘s
1134 1603 1187 1629 ac
1216 1591 1384 1629 nomine
1418 1587 1581 1629 Latino
1605 1591 1808 1640 pecune'ae

361 1669 539 1710 creclstae
568 1672 636 1708 ius
665 1669 791 1718 idem,
825 1667 939 1723 quod
955 1681 1046 1707 cum
1068 1666 1232 1707 civibus
1251 1666 1473 1714 Romanis,
1497 1669 1620 1704 esset.
1680 1663 1808 1706 Alter

361 1754 427 1786 est
457 1745 579 1786 locus
621 1745 699 1785 lib.
732 1744 866 1795 XLI,
895 1746 945 1784 8:
1001 1743 1103 1783 Lex
1143 1746 1273 1782 sociis
1312 1755 1366 1781 uc
1408 1744 1594 1782 nominis
1637 1740 1807 1791 Latini,

361 1826 440 1878 qui
467 1816 641 1877 slc'r'pem
675 1835 733 1863 ea:
775 1835 868 1862 sese
901 1821 1017 1861 donn·
1046 1821 1367 1874 relinquerent,
1411 1817 1570 1866 dabat,
1613 1824 1665 1858 ut
1694 1822 1810 1859 cives

362 1901 553 1943 Romani
567 1898 749 1951 fierent.
811 1897 883 1938 Ea
908 1898 1004 1952 lege
1033 1899 1144 1938 mule
1173 1895 1330 1938 utendo
1360 1895 1444 1935 αῖίί
1469 1899 1599 1937 sociis
1629 1895 1713 1936 alic*
1734 1909 1811 1950 po-

358 1979 461 2031 pulo
495 1978 689 2020 Romano
723 1979 928 2016 iniuriam
957 1973 1210 2024 faciebant.
1318 1971 1398 2012 'am
1439 1977 1503 2022 et,
1546 1984 1600 2012 ne
1636 1975 1812 2025 stirpem

363 2055 479 2097 domi
507 2055 826 2109 relinquerent,
859 2051 1016 2092 llberos
1057 2064 1155 2091 suos
1188 2048 1491 2104 quibusquibus
1523 2048 1732 2090 Romanis
1764 2052 1812 2089 in

363 2146 455 2173 eam
491 2131 805 2181 condetc'onem,
851 2135 900 2170 uc
924 2131 1349 2177 nmmmn'tterentm·‚
1389 2129 1603 2180 71mneipz‘o
1635 2124 1812 2176 dabant,

363 2209 642 2264 libertinique
677 2211 792 2248 ce'ves
823 2212 986 2256 essent,
1020 2211 1086 2256 et,
1120 2203 1270 2260 quibus
1303 2207 1433 2258 stirps
1464 2203 1654 2253 deesset,
1686 2215 1811 2258 quam

362 2287 661 2341 relinquerent
683 2290 734 2324 ut
759 2288 875 2324 cives
907 2284 1098 2323 Romani
1111 2281 1301 2330 fiebant.
1375 2280 1626 2330 (Exxcidisse
1660 2277 1812 2328 verba,

365 2362 519 2417 quibus
555 2361 738 2401 alterum
764 2359 936 2399 fraudis
969 2372 1107 2412 genus
1148 2365 1392 2406 notaretur,
1434 2355 1666 2395 Creverius
1695 2363 1811 2395 recte

364 2438 615 2487 intellexit).
678 2435 1022 2475 Manumissione
1054 2435 1192 2474 civem
1228 2447 1324 2473 eum
1357 2440 1521 2472 tantum
1556 2429 1652 2472 fieri
1685 2432 1812 2472 iuris-

366 2515 553 2560 consulti
594 2514 773 2564 docent,
816 2510 1111 2568 quilalicuius
1149 2524 1205 2551 ex
1244 2511 1337 2550 iure
1380 2508 1616 2560 Quiritium
1658 2509 1813 2557 suerin

364 2596 452 2635 iam
475 2600 522 2633 ut
545 2591 612 2632 illi
641 2592 856 2631 sociorum
882 2588 1011 2629 liberi
1037 2588 1154 2628 servi
1178 2585 1333 2627 fierent
1361 2600 1419 2626 ex
1444 2587 1537 2626 iure
1559 2584 1812 2636 Quiritium,

364 2671 679 2725 mancipatione
716 2680 822 2722 opus
851 2665 1013 2716 fuisse,
1051 2666 1114 2714 is,
1156 2678 1282 2719 quem
1314 2664 1435 2713 dixi,
1477 2662 1810 2703 iurisconsultus

363 2749 567 2804 disputat.
622 2746 686 2787 Ea
718 2745 920 2801 quoniam
950 2750 1064 2784 certe
1094 2742 1235 2782 locum
1266 2755 1351 2781 non
1380 2739 1578 2780 habuerit
1595 2740 1679 2780 nisi
1698 2740 1811 2780 inter

366 2840 455 2877 eos,
487 2837 594 2882 quos
623 2825 734 2866 inter
767 2821 1069 2865 commercium
1104 2827 1233 2870 esset,
1266 2819 1403 2874 sequi,
1435 2825 1482 2860 ut
1513 2817 1555 2860 id
1585 2815 1663 2858 illo
1703 2825 1809 2859 teni-

1966 3111 1980 3390 32-——-÷—-—„‚†—
1959 3058 1979 3089 —'.
1969 3027 1972 3046 -
1969 3010 1972 3016 .
