1981 3390
444 231 543 279 434

379 364 462 406 quo
502 350 897 404 describebantur,
925 354 1055 396 simul
1095 354 1314 397 nonnullae
1354 364 1442 398 tum
1495 370 1553 397 ex
1595 371 1648 398 eo
1686 373 1826 401 corre-

377 430 542 470 ctiones
592 429 726 471 illatae
775 440 902 482 sunt,
954 446 1013 472 ex
1049 432 1236 472 secunda
1280 442 1322 474 et
1364 435 1501 488 prima
1542 433 1710 476 familia
1757 436 1829 477 de-

376 515 580 562 sumptae,
625 509 864 548 cuiusmodi
905 516 995 558 est,
1040 510 1153 563 quod
1195 513 1239 549 in
1281 509 1400 551 nullo
1434 511 1586 551 horum
1629 513 1825 553 codicum

374 593 547 625 servata
580 593 645 624 est
677 586 828 633 tertiae,
859 593 906 623 ut
931 597 1061 638 supra
1080 587 1325 637 expositum
1353 596 1432 637 est,
1466 587 1641 628 familiae
1662 591 1826 644 optima

372 662 502 702 lectio
529 662 572 701 in
605 675 640 701 c.
669 662 710 709 4,
745 663 798 699 10
823 662 1032 714 puerili-r,
1066 662 1142 701 sed
1174 664 1443 716 suppositum
1477 666 1632 705 virilis.
1692 666 1824 707 Simi-

373 738 474 778 liter
497 740 541 778 in
571 752 606 777 c.
634 739 703 787 24,
728 738 784 777 54
817 737 1042 792 desumpta
1075 751 1135 777 ex
1165 739 1312 792 primae
1335 738 1510 779 familiae
1542 742 1688 782 codice
1723 743 1827 794 (for-

373 824 488 855 tasse
517 829 577 854 ex
607 815 703 868 ipso
744 813 956 854 Florentii
985 812 1180 867 Talenti)
1215 815 1518 870 interpolatio:
1546 821 1663 857 inter
1692 831 1825 858 meum

373 893 605 933 discrimen
637 897 681 931 et
709 905 852 931 eorum
882 892 1069 945 praedam
1100 900 1299 946 quattuor
1332 891 1613 934 Oxonienses
1642 895 1829 942 invasit3

372 970 474 1024 quin
504 983 540 1009 c.
570 969 612 1018 4,
656 970 685 1009 9
717 982 847 1009 voces
880 974 926 1008 et
960 969 1088 1018 inde,
1135 971 1172 1009 si
1207 969 1382 1010 silentio
1414 968 1670 1012 collatorum
1702 971 1828 1012 Oxo·

370 1047 586 1086 niensium
615 1044 724 1085 fides
757 1044 906 1085 haberi
934 1054 1092 1100 potest,
1123 1047 1166 1086 in
1194 1054 1395 1100 quattuor
1427 1056 1639 1088 venerunt
1671 1047 1740 1102 (C,
1769 1048 1824 1099 T,

369 1124 427 1174 H,
457 1123 525 1176 ψ),
558 1122 619 1163 M
644 1123 866 1163 Amanum
898 1123 942 1162 in
976 1131 1063 1162 tres
1095 1120 1166 1176 (C,
1198 1121 1256 1172 H,
1287 1119 1368 1176 ψ);
1399 1123 1634 1178 eademque
1667 1123 1825 1165 Grute-

367 1216 441 1243 rus
474 1202 519 1241 in
545 1199 713 1240 duobus
730 1199 942 1240 Palatinis
973 1198 1082 1238 vidit
1110 1206 1152 1238 et
1181 1199 1224 1238 in
1253 1199 1442 1239 editione
1473 1198 1700 1241 Cratandri
1728 1215 1824 1242 esse

367 1292 498 1333 supra
531 1278 641 1318 dixi.
719 1276 791 1316 Ex
825 1275 904 1316 illa
934 1277 1063 1315 etiam
1104 1277 1244 1330 prima
1283 1277 1451 1317 familia
1497 1286 1734 1318 correctum
1776 1280 1820 1318 in

367 1356 434 1396 his
466 1353 684 1395 codicibus
721 1361 786 1393 est
827 1352 1027 1393 secundae
1061 1360 1104 1392 et
1146 1354 1283 1393 tertiae
1317 1354 1519 1394 mendum
1559 1355 1605 1394 in
1648 1368 1684 1394 c.
1725 1355 1767 1404 3,
1795 1357 1825 1394 6

366 1434 524 1483 (celeri
551 1445 628 1486 pro
658 1434 833 1483 socen).

483 1509 609 1550 Patet
651 1509 813 1563 igitur,
857 1508 901 1546 in
947 1505 1014 1546 his
1047 1504 1304 1561 vulgaribus
1335 1506 1554 1547 codicibus
1593 1515 1636 1548 et
1668 1520 1819 1562 parum

362 1587 538 1642 plenum
567 1594 610 1627 et
643 1585 791 1626 multis
821 1583 959 1624 modis
994 1591 1239 1635 corruptum
1275 1591 1318 1622 et
1352 1583 1634 1634 depravatum
1667 1597 1817 1636 super·

364 1678 459 1704 esse
491 1664 628 1703 tertiae
659 1661 854 1702 codicum
878 1659 1055 1716 fumiliae
1083 1659 1405 1710 testimonium,
1438 1672 1516 1699 nec
1550 1668 1692 1700 tamen
1716 1659 1818 1700 illos

363 1740 418 1781 ob
452 1755 547 1781 eam
581 1754 670 1780 rem
703 1739 877 1779 omuino
910 1736 1195 1791 negligendos
1226 1750 1346 1784 esse;
1398 1750 1496 1776 nam
1542 1745 1588 1776 ut
1625 1736 1821 1791 singulo-

361 1832 455 1859 rum
496 1816 574 1870 pe'r
618 1830 664 1857 se
707 1814 826 1855 nulla
864 1827 1040 1866 prorsus
1083 1821 1148 1853 est
1194 1814 1455 1863 auctoritas,
1497 1813 1558 1854 ita
1601 1812 1819 1868 exemplis

361 1897 448 1936 iam
483 1895 822 1934 demonstratum
855 1898 944 1940 est,
986 1891 1078 1930 erui
1112 1904 1170 1930 ex
1203 1891 1256 1930 iis
1289 1904 1445 1944 posse,
1488 1888 1680 1930 adhibita
1710 1904 1818 1944 proe-

361 1974 511 2013 sertim
547 1972 807 2025 optimorum
842 1982 898 2008 ex
929 1966 1028 2007 aliis
1058 1966 1236 2007 familiis
1268 1968 1606 2020 comparatione,
1640 1967 1740 2022 quid
1770 1968 1816 2008 in

361 2047 580 2090 codicibus
610 2047 742 2101 longe
783 2043 1100 2099 antiquioribus
1141 2052 1184 2084 et
1223 2043 1477 2084 melioribus
1521 2052 1564 2084 et
1604 2045 1648 2084 in
1689 2044 1818 2085 huius

359 2127 505 2179 stirpis
535 2126 729 2180 principe
760 2123 906 2172 fuerit,
940 2122 1069 2176 idque
1102 2123 1326 2162 inventum
1362 2121 1415 2161 ad
1446 2135 1560 2162 verm
1592 2123 1815 2176 scriptura:

359 2203 709 2244 constitutionem
743 2209 786 2240 et
819 2199 872 2240 ad
903 2201 1222 2239 contentionem
1253 2212 1432 2249 eorum,
1465 2200 1536 2253 qui
1565 2213 1676 2240 nunc
1709 2213 1815 2240 sane

359 2293 543 2333 regnare
575 2278 757 2327 debent,
803 2277 997 2317 codicum
1030 2262 1426 2316 {etustissimorum
1471 2277 1620 2330 primae
1663 2285 1706 2318 et
1747 2290 1814 2316 se·

359 2355 507 2395 cundae
537 2354 710 2394 familiae
740 2353 1010 2393 iudicandam
1045 2352 1208 2393 valere.
1279 2352 1391 2394 Nam
1433 2366 1526 2406 quae
1557 2366 1615 2392 ex
1645 2352 1712 2392 his
1743 2366 1812 2392 co·

358 2431 525 2472 dicibus
560 2430 666 2471 solis
693 2430 880 2485 pendent
913 2428 1147 2478 lectiones,
1196 2441 1281 2478 eze,
1315 2437 1360 2467 ut
1394 2442 1506 2468 nunc
1541 2428 1712 2482 quidem
1742 2443 1812 2469 res

360 2518 456 2560 ρει,
481 2510 691 2548 incertum
722 2507 814 2547 fere
849 2513 940 2556 est,
973 2513 1116 2545 utrum
1151 2504 1204 2545 ab
1236 2503 1468 2558 archetypo
1499 2506 1542 2544 in
1572 2503 1683 2544 hanc
1713 2505 1811 2545 stir-

356 2601 454 2640 pem
493 2586 717 2634 venerint‚
755 2584 904 2638 primoe
951 2591 993 2622 et
1039 2582 1236 2623 secundae
1278 2580 1526 2622 auctoribus
1570 2580 1810 2622 aberranti-

357 2663 460 2714 bus,
505 2671 547 2704 et
575 2677 651 2718 per
683 2668 745 2701 tot
775 2660 1059 2715 corruptionis
1093 2657 1286 2715 pericula
1326 2659 1569 2708 evaserint,
1613 2671 1668 2699 an
1711 2672 1811 2699 con-

356 2743 529 2783 iecturae
560 2739 810 2782 debeantur.
875 2737 1011 2779 Velut
1027 2738 1288 2787 coniectura,
1318 2735 1394 2776 sed
1410 2735 1621 2777 facillima
1647 2744 1688 2776 et
1718 2749 1809 2777 cer·

355 2820 546 2871 tissima,
586 2820 680 2860 sive
720 2817 812 2870 ipse
849 2816 1057 2870 principis
1100 2814 1228 2856 huius
1261 2813 1438 2856 familiae
1479 2813 1639 2856 codicis
1673 2811 1806 2854 libra-
