1981 3390
1458 272 1553 321 361

180 411 250 439 ces
288 397 492 439 meliores
525 407 673 436 omncs
705 392 882 435 habent:
935 391 1026 433 Eos
1057 390 1301 441 concludit,
1343 405 1485 445 magn.
1517 391 1624 432 hom.

179 477 296 516 mult.
369 475 560 515 Primum
607 470 804 511 homines
857 470 910 510 ad
955 483 1062 525 opus
1113 469 1357 510 faciendum
1401 468 1628 509 conclusos

178 555 347 600 nari-at,
381 548 535 589 deinde
569 548 799 598 admonet,
842 561 1042 603 magnam
1075 560 1171 586 eam
1211 546 1347 586 fuisse
1384 544 1627 586 multitudi-

179 642 292 668 nem.
363 625 593 665 Concludit
635 633 778 665 autem
811 624 1009 665 absolute
1049 623 1227 676 dic-itur,
1268 621 1629 678 quemadmodum

176 705 222 743 in
255 703 429 743 diversa
459 716 504 742 re
527 701 594 743 De
628 703 724 742 Fin.
747 701 805 752 V,
833 703 912 752 20,
941 702 1016 742 56:
1046 700 1202 750 bestico,
1238 714 1344 755 quas
1374 700 1627 741 delectatio-

177 783 246 821 πίε
287 793 419 820 causa
452 779 757 819 concludimus.

297 856 346 897 C.
379 858 456 906 36,
496 858 552 896 79
587 856 720 910 vulgo
747 855 975 896 edebatur:
1021 859 1100 910 qui
1134 867 1219 896 uon
1258 854 1443 895 obtrusit
1477 855 1628 909 aliqua

179 946 238 975 ex
262 939 395 988 purte
424 939 694 973 monumenta
726 934 773 973 P.
811 930 1054 985 Sapiens-9,
1092 933 1239 985 inepto
1279 931 1441 979 verbo3
1482 945 1629 971 recen-

179 1012 312 1051 tiores
345 1024 399 1051 ex
434 1009 559 1050 bonis
592 1008 809 1050 codicibus
849 1008 1075 1048 ediderunt
1116 1006 1357 1058 obstruxit,
1404 1008 1631 1061 Zumptius

180 1089 309 1127 etiam
339 1092 674 1136 monumentum,
703 1085 779 1126 sed
810 1093 927 1126 recte
956 1084 1194 1135 intellexit,
1228 1085 1385 1126 debere
1416 1099 1511 1125 esse
1545 1098 1631 1125 mo-

176 1169 392 1205 numento.
450 1162 516 1204 Ita
549 1177 601 1204 eo
636 1164 776 1216 magis
805 1162 986 1217 posthac
1012 1163 1224 1204 edendum
1242 1165 1338 1213 erit,
1369 1163 1496 1217 quod,
1521 1176 1630 1216 prae-

176 1249 373 1295 terquam
420 1241 533 1296 quod
578 1239 750 1281 obscuri
789 1240 941 1280 ductus
988 1240 1135 1281 collat.
1167 1239 1312 1281 Haun.
1354 1253 1404 1280 eo
1436 1239 1632 1289 tendunt,

179 1317 424 1373 Krarupius
472 1317 636 1372 liquido
685 1331 743 1358 ex
793 1317 1029 1358 parisiensi
1072 1319 1184 1358 7774
1229 1317 1286 1360 A.
1330 1318 1373 1357 id
1423 1317 1632 1357 enotavit.

179 1394 222 1435 Is
254 1395 347 1435 cod.
381 1394 510 1449 paulo
552 1403 676 1445 ante,
719 1402 766 1434 ut
799 1393 898 1435 coll·
931 1394 1102 1445 Haun.,
1147 1409 1231 1435 non
1267 1394 1449 1435 discedit
1479 1409 1503 1434 a
1535 1393 1633 1434 vul·

181 1474 277 1528 gari
308 1473 520 1526 scriptura
545 1471 743 1520 fame'le'oe
781 1477 955 1522 veslrae,
996 1471 1072 1511 ubi
1116 1485 1174 1511 ex
1211 1471 1384 1522 Ursini,
1429 1471 1633 1512 Lambini

181 1547 622 1602 Guelferbytanisque
651 1548 772 1588 codd.
805 1548 1033 1603 Zumptius
1064 1549 1197 1588 edidit
1222 1554 1338 1589 tunm
1357 1533 1635 1603 fume‘le'aeqv2e

179 1631 294 1666 inca*
343 1625 398 1665 Et
427 1634 568 1680 potest
596 1624 702 1665 illud
731 1627 876 1665 verius
905 1624 1058 1675 videri,
1091 1640 1219 1679 quum
1239 1624 1392 1666 Cicero
1418 1641 1502 1666 non
1530 1634 1633 1677 tam,

179 1702 282 1758 quid
326 1702 472 1756 Scipio
518 1701 602 1742 sibi
644 1701 826 1752 debeat,
869 1716 997 1757 quam
1039 1702 1139 1756 quid
1180 1707 1340 1757 genere·
1377 1708 1422 1744 et
1453 1707 1632 1754 ηοηηΐιιί,

182 1781 398 1834 exquirat.
458 1778 584 1826 Quod
614 1788 756 1819 autem
779 1793 910 1819 unum
931 1779 1178 1831 Scipionem
1212 1780 1439 1836 alloquens
1473 1789 1634 1830 tamen,

181 1856 320 1898 relata
353 1857 616 1911 cogitatione
644 1856 696 1896 ad
725 1863 891 1895 ceteros
919 1852 1172 1910 Scipiones,
1210 1858 1325 1897 dixit
1357 1864 1523 1908 veslrce,
1559 1873 1634 1898 ne-

181 1936 286 1985 scio,
315 1935 388 1989 qui
418 1933 648 1974 offenderit
671 1932 934 1984 Zumptium.
1000 1933 1087 1973 Sed
1119 1934 1333 1974 interdum
1368 1934 1634 1974 ratiunculas

182 2019 448 2065 aucupantes
479 2009 693 2057 labimur3
726 2010 826 2064 quid
857 2017 922 2049 est
952 2011 1067 2050 enim
1097 2008 1173 2050 illo
1205 2010 1455 2064 vulgatius}
1495 2011 1632 2052 Paulo

179 2097 279 2144 post
309 2103 345 2128 c.
378 2090 448 2137 37,
486 2089 539 2127 81
577 2086 711 2141 vulgo
742 2084 950 2126 edebatur
976 2086 1075 2126 inde
1109 2085 1161 2126 ab
1196 2087 1419 2129 Ernestio:
1451 2101 1519 2129 πίε
1547 2093 1634 2130 ista

179 2166 398 2220 praeclam
444 2163 649 2204 nobilitas
692 2164 864 2204 desinat
910 2167 1057 2219 queri,
1102 2165 1212 2218 quod
1257 2180 1515 2220 quamquam
1558 2181 1635 2221 per

182 2257 229 2284 se
249 2243 477 2297 Zumptius
507 2256 591 2282 non
623 2240 910 2295 improbabat,
944 2250 1103 2292 tamen,
1134 2242 1244 2295 quod
1264 2243 1456 2283 codicum
1482 2243 1634 2284 melio-

178 2335 276 2361 rum
308 2302 389 2360 hoc
419 2319 513 2359 loco
548 2319 850 2359 mendosorum
886 2320 1071 2373 vestigia
1099 2317 1186 2359 alio
1221 2319 1448 2369 ducerent,
1480 2335 1503 2360 e
1538 2321 1631 2361 cod.

178 2396 362 2453 Lagom.
389 2397 445 2436 29
474 2395 606 2436 edidit
635 2394 811 2435 Deinde
839 2399 939 2435 isla.
1009 2396 1094 2437 Sed
1123 2397 1242 2450 prius
1276 2396 1411 2448 illud,
1452 2411 1506 2438 ne
1539 2399 1635 2453 quis

182 2474 384 2523 reducat,
431 2473 574 2514 locum
608 2486 692 2512 non
724 2471 876 2520 habet3
919 2480 984 2513 est
1019 2473 1131 2512 enim
1165 2487 1335 2528 semper
1366 2472 1636 2528 affirmantis,

182 2565 399 2606 nunquam
423 2551 635 2591 hortantis
653 2558 694 2590 et
711 2548 900 2590 iubentis
918 2550 1147 2604 (desinat).
1206 2552 1372 2593 Verum
1398 2566 1451 2592 ne
1478 2552 1636 2592 deinde

184 2628 357 2683 quidem
410 2636 556 2679 aptum
608 2611 816 2668 orationis
872 2626 1158 2668 vehementiae
1200 2637 1274 2670 aut
1320 2630 1634 2676 coniunctioni3

183 2719 323 2759 neque
357 2705 473 2745 enim
503 2706 749 2746 consecutio
786 2712 829 2744 et
854 2704 958 2745 ordo
990 2706 1056 2746 rei
1083 2714 1270 2747 notatur.
1326 2705 1452 2745 Esset
1477 2705 1633 2746 saltem

182 2781 373 2825 Desinat
402 2780 596 2834 posthac.
663 2782 731 2822 Ex
767 2781 905 2822 Paris.
937 2781 1030 2822 cod.
1058 2782 1301 2837 Krarupius
1336 2783 1502 2822 notavit
1531 2769 1633 2823 EN.

183 2858 236 2898 de
268 2862 352 2899 isla
385 2857 546 2910 (llaun.
575 2858 628 2899 de
660 2848 760 2903 EN·
790 2861 875 2913 de).
933 2862 1226 2917 Indignationi
1246 2860 1630 2914 erumpentisatis-
