1981 3390
386 256 486 305 378

321 390 416 418 rum
447 377 642 421 obscuris
675 380 872 434 vestigiis
910 381 1189 437 corrigenda,
1233 379 1360 437 plura
1392 381 1545 425 relicta
1575 385 1767 427 animad-

322 462 472 506 verto,
506 470 599 511 quae
626 457 774 498 videor
806 457 988 511 explere
1018 473 1145 512 posse
1168 458 1226 511 ¹).
1307 458 1414 501 Haec
1450 461 1585 516 igitur
1624 464 1768 504 onmia

322 528 495 572 decrevi
527 535 687 574 sensim
719 533 976 575 academicis
1016 534 1179 590 aliquot
1209 534 1372 577 libellis
1403 537 1651 590 includere,
1685 541 1766 581 ini-

348 729 385 771 x)
411 729 595 770 Omnino,
622 739 668 762 ne
691 728 779 773 quid
804 729 1054 771 dissimulem,
1082 741 1196 775 quum
1221 731 1259 766 in
1283 732 1420 768 Orellii
1444 734 1668 772 editionibus
1691 737 1768 773 sin-

409 790 588 832 gulorum
612 789 834 834 scriptorum
859 791 965 833 (nam
991 802 1125 836 corpus
1148 790 1244 825 illud
1263 792 1549 829 Ciceronianam
1564 796 1639 830 alio
1655 798 1766 832 modo

411 847 654 883 iudicandum
687 850 762 893 est)
788 851 974 884 delectum
1007 851 1258 886 subsidiorum
1293 856 1330 886 et
1367 858 1511 888 rectum
1548 856 1768 901 plerumque

409 907 590 943 iudicium
614 911 731 944 verba
756 921 866 944 sensu
894 922 998 945 cassa
1023 923 1199 956 spernens
1229 916 1265 946 et
1287 913 1537 958 multiplicem
1561 915 1768 950 doctrinam

411 969 591 1012 probem,
637 974 761 1004 tamen
807 981 929 1004 acrem
971 972 1222 1017 subtilemque
1260 973 1586 1018 investigationem
1629 975 1767 1010 veteris

410 1038 498 1062 usus
526 1029 703 1073 loquendi
729 1035 767 1064 et
789 1041 936 1065 sensum
970 1031 1006 1065 in
1039 1031 1111 1065 hoc
1136 1044 1275 1077 genere
1299 1038 1445 1068 certum
1470 1035 1640 1070 nonnihil
1668 1036 1765 1070 desi-

409 1088 524 1130 dero,
554 1100 595 1123 ex
622 1101 693 1134 quo
720 1090 783 1131 fit,
813 1094 854 1124 ut
881 1090 1206 1136 interpretationes
1230 1093 1399 1128 locorum
1426 1095 1626 1129 dubiorum
1650 1095 1767 1130 inter-

411 1147 499 1180 dum
522 1151 636 1193 paulo
663 1150 836 1185 licentius
860 1151 979 1196 fingat
1001 1152 1038 1186 in
1070 1153 1255 1197 rebusque
1281 1154 1538 1199 grammaticis
1560 1165 1647 1188 mox
1670 1166 1763 1189 nou·

410 1209 602 1243 nullorum
636 1210 742 1244 vanis
776 1211 1090 1255 disputationibus
1128 1212 1366 1257 refragetur,
1398 1213 1482 1258 qui,
1521 1214 1609 1259 quid
1646 1214 1694 1249 sit
1726 1214 1764 1248 in

409 1268 540 1313 lingua
566 1281 684 1314 eaque
710 1272 960 1315 exprimatur,
995 1272 1192 1317 ignorant,
1218 1284 1303 1309 mox
1330 1272 1376 1307 iis
1399 1273 1650 1316 adhaerescat3
1685 1278 1765 1308 tum

406 1328 451 1361 de
487 1329 714 1374 scriptorum
748 1332 941 1365 voluntate
979 1332 1210 1376 consilioque
1249 1332 1288 1366 in
1325 1333 1448 1367 verbis
1483 1333 1684 1377 ponendis,
1718 1334 1765 1368 de

406 1389 628 1424 mendorum
657 1394 693 1425 et
726 1390 1062 1436 discrepantiarum
1100 1392 1309 1436 originibus
1342 1399 1379 1428 et
1413 1393 1765 1429 causissimilibus·

406 1460 478 1493 que
503 1450 614 1484 rebus
647 1450 835 1484 interdum
870 1463 1004 1496 parum
1040 1452 1271 1486 considerate
1306 1456 1344 1487 et
1379 1454 1494 1498 paulo
1527 1454 1767 1489 festinantius

405 1509 573 1543 iudicare
597 1511 766 1553 videtur,
792 1523 865 1546 non
893 1512 983 1546 satis
1009 1513 1201 1547 attendens
1227 1514 1272 1546 ad
1299 1512 1355 1546 rei
1377 1518 1550 1548 naturam
1576 1519 1612 1548 et
1635 1515 1680 1548 ad
1708 1525 1765 1556 ea,

407 1580 485 1613 quae
510 1570 593 1603 fieri
620 1570 773 1615 possint.
836 1571 948 1605 Cuius
975 1572 1053 1613 rei,
1082 1583 1128 1606 ne
1155 1573 1356 1606 obscurum
1382 1572 1452 1614 sit,
1482 1573 1568 1617 quid
1591 1573 1763 1615 sentiam,

409 1629 619 1672 exemplum
646 1631 858 1674 praecipiam
895 1642 937 1664 ex
974 1631 1152 1665 Sestianae
1185 1632 1364 1666 orationis
1399 1645 1430 1666 c.
1464 1632 1532 1674 2⁰,
1559 1633 1576 1677 5
1603 1633 1672 1675 46,
1698 1633 1765 1667 ubi

406 1688 549 1722 editur:
592 1690 839 1733 depugnarem
861 1691 985 1735 potius
1012 1703 1091 1725 cum
1117 1703 1272 1731 summo,
1303 1704 1375 1725 non
1399 1693 1517 1726 dicam
1542 1694 1672 1733 exitio,
1700 1694 1765 1727 sed

401 1748 567 1792 periculo
595 1755 690 1782 certe
717 1755 836 1784 oestro
863 1751 1136 1795 liberorumque,
1163 1764 1268 1796 quam
1293 1764 1364 1785 non
1396 1753 1457 1792 id,
1484 1753 1579 1796 qnod
1604 1754 1764 1788 omnibus

405 1809 653 1851 impendebat,
695 1822 786 1843 unus
809 1821 878 1854 pro
915 1813 1073 1844 omnibus
1099 1813 1318 1856 susciperem
1350 1825 1393 1846 ao
1426 1811 1614 1846 subirem?
1659 1814 1763 1848 Unus

406 1869 592 1903 Gesnerus
621 1870 887 1905 animadvertit
914 1872 968 1915 (in
997 1872 1203 1907 Clu-estvm.
1243 1873 1317 1906 Cic.
1353 1885 1388 1917 p.
1418 1872 1528 1916 278),
1567 1873 1664 1917 quod
1691 1883 1762 1918 ego

405 1929 592 1963 neminem
619 1930 925 1965 animadvertisse
961 1933 1140 1976 putabam
1174 1936 1211 1967 et
1242 1932 1489 1978 indignabar,
1527 1943 1641 1977 quum
1663 1932 1763 1967 idem

407 1990 576 2023 dicebam
605 1991 660 2033 (in
689 1991 824 2036 disput.
853 1992 898 2025 de
932 1994 1114 2027 emendat.
1141 1994 1211 2027 loc.
1247 1993 1362 2038 aliqu.
1400 1997 1509 2027 oratt.
1536 1993 1610 2026 Cic.
1633 2006 1668 2038 p.
1694 1994 1764 2027 144

404 2051 523 2093 not.),
569 2051 770 2085 delendum
817 2063 894 2085 esse
936 2065 1029 2092 non,
1084 2065 1154 2097 quo
1200 2052 1344 2086 adiecto
1389 2053 1549 2087 ridicule
1596 2065 1761 2098 prorsus,

405 2122 476 2144 non
516 2112 747 2145 contrarium
784 2112 919 2146 dicitur
957 2113 1058 2154 eius,
1102 2113 1199 2157 quod
1236 2113 1307 2146 dici
1339 2113 1524 2155 debebat,
1563 2113 1627 2148 sed
1664 2113 1762 2147 nibil

408 2171 557 2204 dicitur.
615 2172 782 2206 Tollitur
812 2173 910 2207 euim
949 2174 1179 2218 comparatio
1215 2173 1375 2218 duplicis
1402 2173 1649 2215 condicionis,
1684 2185 1762 2218 quae

403 2231 595 2274 proposita
641 2238 738 2266 esset
780 2234 826 2266 ad
873 2234 1100 2278 eligendum.
1178 2233 1291 2268 Cuius
1332 2234 1498 2269 Orelli-1³
1534 2246 1761 2270 commemo-

405 2296 487 2323 rata
519 2292 730 2332 sententia,
774 2294 924 2335 negatio
955 2299 1094 2335 tamen,
1131 2294 1273 2338 inquit,
1311 2295 1541 2336 manifestius
1573 2295 1764 2339 significat

405 2361 483 2383 eum
520 2350 558 2381 id
592 2362 720 2393 reapse
749 2353 898 2392 secisse.
948 2354 1053 2386 Itane
1078 2353 1199 2387 vero?
1255 2355 1380 2397 Quum
1410 2354 1536 2397 potius
1565 2354 1632 2386 Ιιοσ
1655 2365 1762 2397 quam

405 2410 497 2443 illud
522 2409 719 2443 dicendum
745 2415 810 2451 est,
836 2412 1069 2446 manifestius
1095 2413 1177 2454 erit,
1203 2412 1233 2445 si
1259 2424 1365 2455 quam
1388 2424 1458 2446 non
1485 2412 1578 2445 illud
1601 2412 1761 2447 dixero?

404 2475 439 2504 et
466 2481 596 2513 reapse
630 2455 762 2503 secisse
791 2471 956 2515 aliquem
993 2471 1156 2514 aliquid,
1199 2472 1432 2506 manifestius
1468 2472 1540 2507 erit
1576 2484 1618 2506 ex
1645 2484 1759 2518 nega-

405 2530 540 2564 tione?
574 2531 649 2564 Aut
673 2531 963 2575 depugnandum
991 2531 1121 2565 Cicero
1148 2531 1219 2565 sibi
1245 2532 1358 2567 fuisse
1384 2532 1437 2566 ait
1463 2544 1547 2566 cum
1573 2534 1760 2568 communi

408 2591 574 2635 periculo
599 2595 684 2632 aut,
711 2593 807 2635 quod
834 2592 1004 2627 omnibus
1031 2592 1281 2637 impenderet,
1307 2593 1377 2626 sibi
1404 2593 1467 2626 uni
1493 2606 1560 2638 pro
1587 2594 1760 2629 omnibus

401 2651 647 2684 subcundum.
702 2652 786 2685 Hoc
812 2663 850 2685 sc
877 2651 930 2685 nit
955 2651 1086 2686 secisse
1120 2664 1186 2686 nec
1213 2653 1374 2697 potuisse
1399 2654 1552 2688 dubiam
1579 2666 1657 2688 esse
1682 2656 1758 2689 elc-

403 2711 575 2745 «wionem.
642 2711 773 2756 ltaque
812 2711 962 2756 quati-it,
1007 2713 1177 2758 potiusne
1213 2714 1469 2759 depugnaret,
1515 2725 1627 2761 quam
1662 2714 1757 2749 illud

404 2771 557 2806 subiret.
616 2772 715 2817 Quid
740 2772 940 2816 apertius?
