1981 3390
1471 249 1568 298 357

175 367 448 417 =frementum
475 369 730 423 imperasti?
762 380 785 406 e
806 365 951 406 Guelf.
979 364 999 406 1
1024 379 1123 420 pro:
1157 380 1234 407 cur
1264 367 1638 410 Tam-omem'lcme's

173 444 462 496 frumentum,
496 444 764 485 cut-Netinis
793 445 1048 496 impet-asic?
1083 443 1139 492 V,
1169 445 1240 494 52,
1273 445 1378 485 136:
1410 459 1500 484 cum
1519 447 1634 485 dc’ce-

185 522 366 562 recuba·
393 521 485 562 ltcec
516 520 863 561 dissolutissimis
891 521 1080 560 numeris
1099 534 1198 573 pro:
1230 520 1314 561 liba·
1334 520 1421 561 lewe
1448 521 1634 568 diceret,-

183 599 228 638 in
261 599 514 652 pronomine
544 599 629 638 isto
664 612 796 638 sonus
828 597 1036 638 ridiculus
1069 606 1207 645 esset;
1251 597 1321 653 (de
1353 598 1449 639 loco
1481 598 1637 638 melius

183 674 488 729 distinguendo
521 677 616 716 dixi
650 677 694 715 in
728 675 865 728 Epist.
900 674 952 714 ad
987 673 1125 715 Orell.
1157 663 1198 729 p:
1230 676 1326 725 127,
1372 677 1441 716 cui
1487 676 1633 716 admo-

182 752 339 792 nitioni
370 751 565 792 Orellius
597 751 828 792 obsecutus
860 760 950 800 est,
992 765 1074 791 non
1111 751 1381 806 Zu1uptius);
1419 753 1497 802 58,
1529 754 1633 792 149:

182 834 285 883 quoe
327 827 441 868 bella
475 829 754 869 arbilrmm'm'
789 833 973 868 maiores
1010 834 1177 868 noslros
1216 835 1259 869 et
1295 835 1458 883 quanm
1493 842 1633 869 susce·

172 909 296 958 pisse
337 920 414 960 pro
460 911 562 959 quot
606 905 719 945 bella
762 909 946 944 maiores
978 927 1033 936 -
1074 909 1311 959 suscepisse
1343 905 1632 946 arbem-amem:

179 982 323 1022 Etiam
356 981 413 1032 V,
444 984 499 1032 8,
536 984 590 1021 19
621 983 767 1022 verius
801 989 882 1030 est,
915 981 1026 1034 quod
1062 994 1157 1020 cum
1189 982 1310 1021 codd.
1345 981 1527 1035 Lagom.
1557 982 1634 1022 ha-

179 1058 282 1099 bent
317 1057 414 1098 coll.
447 1057 591 1098 Haun.
634 1067 677 1098 et
717 1058 816 1098 Par.
849 1058 961 1097 ‘7774
999 1056 1038 1097 A
1074 1071 1163 1097 meo
1199 1062 1295 1098 iure
1325 1063 1462 1110 enim,
1503 1074 1631 1114 quam

176 1148 266 1175 meo
297 1138 407 1174 enim
438 1138 558 1182 ἴηνα
605 1143 721 1175 recte
754 1133 965 1188 particula
994 1137 1267 1189 postponitur
1301 1137 1367 1185 ei,
1410 1137 1522 1191 quod
1551 1152 1629 1191 pro

175 1226 261 1252 uno
291 1211 500 1252 adverbio
532 1220 611 1252 est.
684 1211 869 1266 Reliqua
913 1211 1063 1251 ordine
1092 1226 1351 1266 persequar,
1398 1215 1441 1254 in
1476 1213 1630 1269 quibus

175 1288 258 1329 hoc
288 1289 341 1328 de
376 1288 595 1329 codicibus
626 1289 833 1329 iudicium
866 1289 1027 1328 sensim
1071 1287 1411 1330 confirmabitur.

297 1367 451 1406 Statim
476 1364 552 1405 lib.
593 1364 658 1405 IV
691 1379 726 1406 c.
753 1367 803 1416 4,
844 1366 872 1405 '7
904 1364 1004 1405 coll.
1036 1364 1205 1415 Haun.‚
1249 1368 1318 1406 cui
1350 1381 1463 1407 nunc
1492 1367 1630 1407 Paris.

173 1441 302 1483 Krar.
347 1451 390 1483 et
428 1443 574 1484 Vatic.
603 1443 836 1492 accedunt,
881 1450 998 1482 recte
1039 1440 1191 1483 babet:
1243 1457 1338 1498 quae
1373 1443 1464 1484 ltcec
1496 1458 1630 1485 causa

173 1524 258 1567 est,
294 1531 388 1572 quae
422 1522 508 1559 ista
538 1520 838 1572 impudentia?
895 1517 1041 1558 Guelf.
1075 1527 1220 1560 autem
1249 1521 1392 1575 prior,
1422 1529 1468 1560 ut
1500 1521 1630 1561 Zum-

169 1597 297 1651 ptius,
320 1595 480 1636 edidit:
524 1610 615 1650 quoe
654 1595 746 1636 lzoec
794 1609 927 1636 causa
961 1597 1060 1636 est?
1113 1610 1204 1650 quoe
1236 1600 1323 1637 isla
1359 1598 1628 1650 impudentia

172 1673 267 1712 est?
299 1671 603 1714 molestissime
639 1672 868 1714 cumulatis
899 1671 1037 1713 tribus
1068 1673 1500 1729 interrogationibus,
1535 1689 1627 1730 quae

171 1751 217 1790 in
247 1749 360 1789 idem
390 1749 652 1790 vocabulum
684 1758 870 1798 exeant3
912 1751 956 1790 in
985 1749 1065 1789 illa
1098 1752 1311 1806 scriptura
1351 1754 1482 1793 etiam
1516 1752 1625 1793 alte-

171 1841 267 1868 rum
313 1825 553 1867 occultatur
592 1827 908 1881 quodammodo
951 1828 1302 1879 pronunciand03
1345 1838 1387 1870 et
1426 1831 1471 1870 in
1503 1832 1626 1870 omit-

170 1904 300 1945 tendo
330 1903 465 1944 verbo
498 1905 773 1944 consentiunt
804 1903 1051 1958 Stephanus
1081 1913 1124 1944 et
1149 1904 1405 1947 Lambinus.

291 1979 340 2021 C.
372 1982 414 2031 ⁵7,
448 1982 502 2020 14
535 1979 670 2034 vulgo
704 1979 996 2021 scribebatur:
1035 1980 1214 2031 (lffcc'le
1257 1989 1323 2022 est
1353 1986 1464 2023 euim
1482 1981 1624 2031 finem

154 2056 321 2107 facere
343 2061 515 2110 pretio,
550 2061 640 2097 nisi
670 2056 848 2096 libidine·
860 2057 1061 2106 feceris,⁶
1093 2059 1168 2098 sed
1202 2059 1301 2099 coll.
1331 2059 1493 2109 Halm„
1525 2060 1647 2100 Pau-,1

165 2133 272 2184 Kr.,
308 2131 454 2174 Guelf.
484 2135 512 2174 2
541 2132 723 2175 habent:
753 2137 794 2174 si
821 2133 1001 2174 libidini
1019 2133 1222 2183 feceris,-
1267 2136 1310 2176 id
1342 2138 1387 2177 in
1419 2135 1566 2176 Guelf.
1601 2137 1620 2176 1

167 2219 404 2251 correctum
446 2219 535 2260 est,
580 2218 628 2250 ut
670 2219 810 2261 esset,
855 2211 966 2265 quod
1000 2211 1229 2266 Zumptius
1261 2213 1417 2254 edidit:
1469 2217 1511 2253 ει·
1536 2226 1621 2253 non

165 2287 344 2328 libidini
364 2286 563 2337 feceris,
602 2287 874 2328 incommode
916 2301 1093 2342 prorsus
1124 2291 1357 2344 negatione
1392 2291 1623 2344 praeposita

164 2363 464 2414 substantivo,
509 2365 622 2418 quod
662 2372 840 2418 propter
883 2366 1201 2419 oppositionem
1235 2367 1438 2420 proxime
1475 2367 1620 2406 condi-

164 2439 373 2480 tionalem
401 2439 659 2499 particulam
689 2442 814 2496 sequi
841 2440 993 2489 debet3
1024 2442 1266 2484 addendum
1296 2457 1397 2494 uon,
1428 2443 1503 2483 sed
1531 2443 1619 2484 alio

161 2514 284 2566 loco,
318 2515 394 2557 ubi
425 2517 699 2558 manifestam
732 2517 786 2558 ob
820 2533 994 2560 causam
1028 2521 1194 2561 excid-it
1226 2525 1343 2575 (post
1375 2524 1464 2570 m‘):
1496 2524 1537 2560 ει·
1563 2522 1616 2560 Ιί-

162 2591 306 2632 bidz'ui
345 2606 431 2635 non
458 2593 656 2644 feceras,-
702 2595 863 2649 optime
915 2598 1165 2651 praepositio
1217 2597 1351 2638 verbo
1394 2597 1618 2636 adhaerens

163 2681 320 2709 novam
353 2667 484 2709 efficit
519 2673 836 2727 oppositionem
877 2671 1050 2723 (facere
1082 2683 1125 2714 et
1157 2672 1445 2725 nonfacere)
1469 2671 1522 2727 ¹).

188 2771 226 2814 ι)
251 2771 373 2804 Paulo
400 2774 487 2805 aute
513 2771 575 2814 (6,
602 2772 666 2817 12)
692 2773 848 2809 retinuit
863 2776 1081 2820 Zumptius,
1110 2777 1205 2821 quod
1233 2787 1278 2810 ne
1303 2775 1345 2809 in.
1367 2774 1617 2810 deterioribus

254 2829 403 2874 quidem
432 2831 536 2867 codd.
567 2837 643 2875 est,
680 2835 827 2869 vendica
852 2841 944 2870 sunt.
1008 2837 1090 2872 Non
1130 2838 1251 2872 solum
1281 2835 1441 2882 *omnino
1474 2835 1614 2871 iucom-
