1981 3390
1408 233 1505 281 205

117 365 170 394 ne
197 355 259 394 sic
285 353 456 408 quidem
481 356 557 407 qm·
576 351 743 392 servari
758 357 950 405 poteram
984 348 1143 389 numid
1165 348 1291 390 aliter
1321 352 1571 408 adiungitur

117 430 334 483 primariae
366 430 616 477 sententiae;
649 426 723 467 ubi
755 434 903 482 aperta
937 434 1002 466 est
1028 440 1168 466 cnusae
1194 426 1378 467 redditio
1403 438 1572 470 contra-

116 507 314 562 riumque
340 511 519 560 propter
554 505 657 555 (uon
683 510 861 558 propter
889 503 968 544 hoc
989 525 1040 533 —-
1063 503 1140 543 sed
1159 504 1307 559 quod),
1341 505 1425 545 dici
1450 505 1570 546 nullo

116 583 243 624 modo
285 591 451 638 potest,
504 597 590 623 non
637 583 776 636 inagis
821 596 978 636 quam,
1030 582 1097 620 cui
1142 582 1396 636 respondet,
1433 597 1572 637 quum.

115 659 266 715 Itaque
302 675 360 701 ex
392 660 607 702 Vaticano
639 660 894 700 sumendum
921 667 1010 698 erat
1040 662 1159 713 qaece’u,
1193 660 1265 699 sed
1289 659 1417 700 simul
1446 660 1568 701 rides

112 752 190 792 pro
237 738 389 779 videas
432 737 733 788 scribendum,
773 736 977 778 liberiore
1010 737 1141 792 paulo
1187 739 1451 788 mutatione,
1493 738 1570 778 sed

115 817 361 856 necessaria
384 817 443 867 ¹).

227 891 331 948 Cap.
365 894 443 943 26,
482 895 538 933 64
571 891 792 942 Orellius,
839 906 969 947 quum
1014 891 1187 931 ederet:
1251 891 1396 932 Hasta
1423 896 1571 945 pos-lla

110 982 190 1022 pro
223 969 317 1010 cede
360 971 482 1011 Iovis
526 968 718 1009 Statoris
757 968 868 1008 bona
908 969 1125 1018 (ll'n'serlcm
1170 968 1264 1006 me!
1311 973 1569 1022 consemeple's

113 1050 225 1086 em'm
259 1047 476 1096 Icta-ineis,
523 1052 666 1086 lamen
707 1045 883 1094 infixus
917 1059 1059 1086 anemo
1097 1044 1234 1085 lecet-et
1262 1045 1407 1099 dolor)
1441 1045 1567 1095 bona,

109 1127 310 1178 inquam,
356 1121 432 1162 Ca.
473 1122 671 1176 Pompeia·
706 1123 874 1177 fllagno'
912 1126 1012 1163 coci
1051 1121 1334 1162 acerbissimae
1372 1122 1568 1163 subiecta

108 1205 338 1254 praecom's‚
369 1214 422 1240 ne
447 1202 800 1240 commemoravit
819 1200 989 1254 quidem
1022 1199 1150 1240 aliter
1170 1199 1275 1254 legi.
1334 1200 1388 1240 Et
1421 1208 1565 1240 tamen

108 1277 238 1333 plane
272 1279 429 1318 vitiose
461 1276 551 1318 haec
572 1278 632 1317 ita
657 1277 871 1326 dicuntur,
906 1278 1029 1331 quasi
1053 1278 1096 1316 in
1120 1276 1322 1317 bonoram
1349 1279 1564 1328 auctione,

110 1369 195 1395 non
229 1356 273 1395 in
313 1354 515 1394 bonorum
545 1355 741 1407 Pompeii
784 1353 1020 1408 indignitas
1058 1355 1121 1393 rei
1161 1355 1303 1408 posita
1344 1355 1423 1401 sit;
1463 1367 1564 1394 nam

110 1435 155 1472 in
201 1431 278 1472 illa
322 1445 427 1472 voce
474 1430 695 1471 exclamat
736 1439 778 1470 et
822 1445 916 1471 eam
959 1432 1129 1485 repetit.
1221 1430 1307 1470 Sed
1349 1445 1477 1484 quum
1519 1432 1564 1470 in

109 1509 255 1550 codice
279 1508 494 1549 Vaticano
528 1516 658 1558 esset,
689 1506 800 1546 bona
817 1507 1011 1546 sublecta
1036 1507 1110 1547 Cn.
1135 1507 1333 1560 Pompeii
1362 1511 1562 1547 miserum

107 1600 172 1626 me
194 1594 300 1635 etc.‚
328 1592 445 1625 recte
468 1584 627 1624 dudum
656 1584 850 1624 Faernus
874 1591 916 1622 et
944 1582 1143 1623 Graevius
1174 1584 1419 1623 ediderant:
1452 1582 1563 1623 bona

115 1662 190 1703 Cn.
215 1663 693 1716 Ponepeae’i—nn'serum
724 1674 789 1701 me
818 1669 898 1701 etc.
962 1659 1225 1709 Quintiliani
1253 1660 1421 1701 codices
1459 1660 1564 1701 boni

111 1738 202 1780 haec
237 1740 381 1780 omnia
420 1741 638 1780 omittunt.
930 1730 953 1745 “
1389 1737 1392 1738 ’

230 1815 334 1872 Cap.
367 1819 438 1867 29,
465 1819 536 1868 74,
571 1817 645 1858 ubi
675 1817 839 1857 editur:
875 1815 976 1857 Tam
1000 1813 1143 1858 'bonus
1163 1816 1391 1871 glacle'alor
1413 1816 1561 1856 rudem

107 1899 194 1934 tam
225 1897 310 1934 cito
340 1896 584 1948 accepisti?
635 1903 881 1935 extremum
915 1892 1121 1944 verbum,
1165 1894 1276 1948 quod
1320 1894 1364 1933 in
1413 1893 1559 1932 codice

108 1970 324 2012 Vaticano
369 1973 582 2011 omittitur
618 1972 725 2021 (vid.
757 1970 964 2011 Garaton.
999 1971 1112 2024 apud
1147 1969 1353 2010 Wernsd.
1385 1984 1425 2023 p.
1455 1970 1560 2015 4663

109 2061 208 2088 nam
240 2047 455 2088 Orellium
499 2048 580 2087 hoc
621 2048 778 2101 fugitg)
816 2047 881 2095 id,
929 2048 1129 2100 inquam,
1173 2045 1354 2085 verbum
1387 2046 1558 2091 notavi3

110 2140 160 2166 ac
213 2123 375 2164 vellem
422 2123 698 2164 delevissem.
775 2122 920 2163 Habet
972 2124 1087 2163 enim
1137 2122 1208 2162 hic
1250 2122 1372 2162 locus
1417 2123 1559 2162 imita-

112 2203 273 2242 tionem
316 2199 544 2242 familiaris
584 2201 922 2254 percontationis
974 2208 1017 2240 et
1070 2200 1468 2248 sermocinationis,
1513 2200 1557 2239 in

111 2293 194 2333 qua
236 2279 279 2319 in
318 2277 592 2318 vehementia
629 2276 775 2331 aliqua
812 2277 1021 2317 orationis
1063 2280 1130 2325 (ut
1171 2277 1215 2314 in
1254 2275 1557 2327 admiratione)

110 2363 153 2396 et
181 2354 369 2410 simplici
396 2355 622 2395 sententiae
652 2354 792 2395 forma
816 2368 902 2394 non
933 2367 1031 2394 rara
1062 2360 1126 2392 est
1145 2351 1393 2393 huiusmodi
1421 2352 1558 2405 verbi,

134 2469 173 2511 ²)
199 2468 385 2502 Similiter
409 2472 449 2503 ut
473 2468 536 2502 hic
561 2468 597 2502 in
623 2469 704 2513 qui,
732 2471 897 2502 erratum
922 2468 958 2502 in
985 2467 1151 2512 quoniam
1177 2467 1214 2501 in
1244 2468 1352 2501 Verr.
1376 2466 1410 2508 1,
1437 2467 1472 2508 9,
1498 2466 1556 2501 24.

199 2529 339 2563 contra
367 2529 624 2564 coniunctivus
651 2534 732 2574 post
756 2530 819 2573 qui
842 2530 994 2563 causale
1023 2528 1245 2563 obliteratus
1282 2532 1362 2562 erat
1389 2533 1424 2562 et
1454 2539 1474 2562 a
1501 2539 1560 2561 me

199 2589 393 2623 restitutus
429 2595 484 2624 est
509 2601 576 2634 pro
613 2591 695 2623 Mil.
721 2590 765 2632 3,
803 2590 825 2624 8
850 2591 1114 2635 (responderit)
1156 2601 1198 2623 cx
1232 2590 1370 2623 Bavur.
1410 2588 1557 2635 ⁰²E1'f·

199 2652 236 2682 et
259 2649 297 2682 in
323 2650 395 2683 hac
420 2650 500 2695 ipsa
525 2650 691 2695 Philipp.
716 2652 880 2685 secunda
900 2652 935 2693 4,
960 2651 982 2685 8
1000 2651 1167 2695 (doceat)
1194 2662 1238 2683 ex
1254 2649 1371 2683 Vatic.
1420 2647 1561 2681 Mirum

201 2713 278 2750 est,
316 2721 428 2754 quam
464 2710 652 2746 interdum
686 2712 734 2745 ad
769 2711 838 2745 illa
864 2712 967 2756 ipsa,
1004 2723 1082 2756 quae
1120 2712 1165 2745 ad
1202 2716 1346 2745 rectam
1380 2707 1558 2741 orationis

200 2769 362 2804 formam
401 2772 612 2817 pertinent,
657 2783 700 2808 cx
735 2771 886 2818 optimis
920 2772 1110 2809 codicibus
1149 2770 1364 2816 recipienda
1398 2767 1558 2803 editores

204 2829 300 2864 tardi
323 2830 404 2867 sint.
