1981 3390
1434 202 1535 252 505

155 325 324 379 quidem
358 336 473 366 nnnc
506 327 590 375 sit,
625 322 756 364 Catus
787 321 918 375 legit,
951 319 1139 362 relativo
1172 324 1414 375 pertinente
1446 324 1499 364 ad
1532 338 1606 366 vo·

156 416 247 444 cem
280 416 404 444 nnus.

260 481 440 521 ‘Eodem
471 479 612 532 capite
647 485 874 526 extremo,
908 476 1021 531 quod
1050 477 1136 517 iam
1167 477 1324 532 saepius
1354 476 1462 529 feci,
1492 479 1605 519 invi-

153 558 320 598 diosam
349 558 462 596 inter
491 557 664 596 criticos
697 569 790 596 rem
828 555 1086 610 aggredior,
1131 563 1177 596 ut
1209 554 1294 596 loci
1331 570 1356 596 a
1383 554 1606 596 nonnullis

152 636 198 674 in
230 633 542 674 dubitationem
571 633 744 674 adducti
775 633 1073 674 defensionem
1105 648 1226 685 eam,
1255 635 1300 674 in
1330 648 1413 690 qua
1446 632 1605 688 reliqui

151 720 356 766 tanquam
391 720 507 752 certa
548 713 608 752 ita
642 712 961 766 acquieverint,
993 719 1040 750 ut
1072 710 1174 752 illos
1208 713 1337 752 etiam
1372 710 1605 764 reprehen-

152 790 318 839 derent,
347 803 525 842 pravam
557 803 607 829 ac
639 803 888 843 perversam
919 802 1014 829 esse
1035 788 1341 830 demonstrem.
1403 789 1607 830 Ostendit

153 865 337 918 Cicero,
362 881 492 922 quum
524 881 576 907 ne
611 865 858 907 Graecorum
887 867 1059 921 quidem
1090 866 1348 921 populorum
1381 866 1606 907 iracundia

153 953 196 985 et
226 944 384 986 levitas
418 944 634 984 deterrere
666 945 867 998 egregios
887 942 1085 984 homines
1109 945 1313 996 potuerit,
1349 958 1432 999 quo
1463 945 1606 984 minus

152 1024 196 1063 in
227 1023 365 1077 patria
393 1023 553 1062 tuenda
582 1030 624 1062 et
654 1021 950 1063 conservanda
984 1020 1273 1071 elaborarent,
1303 1021 1438 1062 multo
1465 1023 1605 1077 magis

153 1098 302 1140 Romae
337 1101 517 1141 eandem
548 1102 700 1155 optimi
733 1101 940 1154 cuiusque
975 1101 1259 1140 constantiam
1292 1100 1336 1139 in
1375 1101 1513 1155 patria
1542 1101 1606 1140 iu-

153 1178 296 1218 vanda
330 1191 425 1218 esse
456 1177 629 1228 debere,
662 1179 705 1218 in
737 1186 823 1218 tam
854 1178 979 1232 gravi
1010 1176 1199 1232 populo,
1233 1185 1351 1218 tanta
1384 1179 1607 1233 proposita

151 1254 319 1309 gloria,
353 1264 439 1297 tam
471 1257 694 1311 praestanti
734 1257 798 1296 rei
839 1254 1024 1310 publicae
1063 1255 1289 1310 dignitate.
1373 1253 1490 1302 Quid
1530 1267 1607 1295 nos

154 1334 351 1383 tandem,
388 1335 553 1389 inquit,
581 1333 747 1383 facere
787 1332 1006 1383 debemus,
1048 1332 1109 1373 ad
1145 1345 1237 1373 eam
1272 1345 1359 1373 rem
1382 1331 1606 1386 publicam

151 1412 353 1452 tuendam
387 1415 609 1467 aggressi,
654 1425 748 1467 qnoe
778 1416 904 1452 tanta
938 1411 1158 1465 dignitate
1193 1415 1280 1461 est,
1320 1416 1370 1451 nt
1407 1424 1499 1451 eam
1533 1410 1606 1451 de-

139 1489 401 1539 fendentem
434 1490 633 1531 occidere
661 1503 746 1530 non
785 1489 911 1530 aliud
946 1491 1007 1529 sit
1035 1502 1160 1542 qnam
1190 1494 1506 1542 oppugnantem
1540 1502 1608 1529 re-

149 1580 242 1608 rnm
270 1569 438 1621 poliri?
488 1566 634 1616 Quum
667 1566 882 1607 Lambino
914 1567 1071 1607 mirum
1105 1567 1248 1607 visum
1280 1574 1419 1617 esset,
1452 1566 1605 1606 eodem

149 1643 248 1685 loco
282 1643 434 1685 haberi
470 1643 783 1698 rempublicam
825 1643 1058 1685 defendere
1092 1652 1134 1684 et
1167 1658 1445 1699 oppugnare,
1488 1642 1607 1684 Grae-

152 1723 276 1771 vius,
310 1723 376 1762 vir
407 1735 491 1762 non
518 1723 819 1771 acutissimus,
848 1722 1019 1772 docuit,
1051 1721 1249 1762 occidere
1281 1735 1367 1762 non
1398 1735 1493 1762 esse
1524 1721 1607 1762 hoc

151 1798 248 1840 loco
271 1803 436 1853 perire,
469 1799 547 1839 sed
577 1811 749 1847 necare,
781 1797 1077 1846 interficeres
1097 1786 1243 1853 itaque
1271 1798 1352 1839 hoc
1385 1798 1494 1849 dici,
1527 1813 1607 1854 par

153 1891 250 1918 esse
280 1876 423 1917 scelus
455 1878 539 1917 rei·
563 1875 747 1931 publicae
782 1875 1055 1917 defensorem
1094 1874 1340 1916 interficere
1383 1891 1432 1917 ac
1464 1885 1607 1930 tyran-

153 1955 252 1997 nide
287 1956 331 1995 vi
363 1955 506 2007 potiri.
583 1953 803 1995 Graevium
837 1955 974 1995 secuti
1006 1962 1105 1994 sunt
1136 1952 1301 1995 Miiller
1334 1962 1376 1993 et
1410 1953 1606 1995 Orellius

151 2047 231 2074 nec
263 2031 339 2073 alii
369 2032 667 2072 dissenserunt
706 2042 860 2088 praeter
892 2031 1169 2073 Schuetzium
1214 2040 1256 2072 et
1298 2031 1346 2072 F.
1383 2030 1432 2071 C.
1460 2031 1606 2073 XVols-

151 2109 272 2151 fium.
336 2109 463 2152 Subit
492 2111 640 2150 mirari
670 2109 739 2150 hic
770 2118 812 2150 et
842 2109 962 2161 alibi,
993 2124 1118 2165 quam
1150 2110 1365 2150 incuriose
1390 2110 1603 2150 interdum

149 2188 364 2244 philologi
410 2187 560 2242 legant
600 2196 642 2228 et
680 2188 1029 2240 interpretentur.
1087 2186 1185 2228 Non
1233 2188 1481 2241 conquiram
1518 2188 1604 2227 iam

150 2268 319 2306 minora
362 2274 405 2305 et
447 2273 590 2306 tamen
633 2273 751 2306 certa
792 2273 1048 2320 argumenta
1087 2266 1132 2305 in
1172 2279 1218 2305 re
1263 2266 1520 2320 perspicua,
1558 2272 1604 2305 ut

150 2343 395 2398 explicem,
441 2357 580 2398 neque
615 2357 700 2384 non
728 2343 854 2384 alind
881 2356 973 2383 esse
1000 2343 1085 2383 isto
1118 2342 1244 2382 modo
1276 2343 1361 2382 dici
1391 2342 1443 2382 de
1474 2341 1604 2382 rebus

149 2435 271 2476 aeque
304 2435 381 2461 seu
411 2420 536 2462 bonis
571 2435 648 2461 seu
684 2419 836 2471 malis,
870 2434 1009 2475 neque
1041 2420 1270 2475 participia
1300 2420 1361 2460 ita
1392 2434 1468 2475 pro
1499 2418 1601 2460 sub-

147 2500 349 2540 stantivis
379 2497 506 2552 poni,
531 2507 578 2538 ut
609 2499 806 2540 occidere
837 2497 1140 2547 defendentem
1171 2511 1258 2538 rem
1287 2496 1507 2551 publicam
1539 2497 1601 2536 di-

154 2584 274 2617 catur
300 2590 377 2628 pro
409 2590 476 2625 eo,
505 2576 616 2631 quod
650 2585 716 2617 est
745 2589 852 2625 enm,
886 2579 963 2630 qni
977 2574 1201 2625 defendat.
1267 2574 1350 2615 Sed
1370 2574 1453 2614 duo
1474 2575 1604 2614 miror

152 2668 279 2702 sane,
310 2653 522 2708 primum,
562 2653 632 2707 qui
667 2654 886 2707 potuerint
921 2654 1002 2693 viri
1035 2653 1149 2694 docti
1183 2659 1225 2691 et
1256 2650 1479 2691 Ciceronis
1513 2651 1603 2692 edi-

150 2741 280 2782 tores,
311 2743 440 2786 quum
467 2730 697 2780 diceretur,
730 2731 954 2785 perspicue
980 2739 1162 2785 utroque
1183 2727 1373 2769 membro
1404 2728 1601 2770 similiter

148 2809 440 2851 conformato:
489 2821 575 2849 non
617 2813 683 2849 est
723 2807 847 2848 aliud
892 2821 986 2849 eam
1034 2807 1337 2859 defendentem
1385 2806 1598 2858 occidere,
