1981 3390
1453 251 1544 299 231

168 382 382 435 descripta
423 388 486 420 est
529 386 571 416 et
604 377 667 416 rei
701 374 885 429 publicae
916 375 1131 428 particeps
1170 384 1266 411 esse
1301 374 1458 425 coepit,
1486 386 1537 412 ne
1573 375 1612 413 iu

168 473 263 500 eum
294 458 465 513 quidem
497 450 624 493 facile
659 452 883 507 peregrini
915 447 1259 506 recipiebantur3
1292 461 1391 489 nam
1422 447 1614 489 Claudite

168 536 305 577 tribus
338 530 572 587 singularis
614 537 678 570 est
710 531 849 580 ratio,
885 543 978 584 quae
1019 529 1168 582 stirpis
1210 534 1404 582 cognatm
1443 525 1615 566 Sabina:

167 612 222 654 ab
253 612 463 651 universae
503 608 646 663 gentis
680 607 854 648 foedere
888 621 936 647 se
963 606 1177 646 disiunxit
1209 613 1250 646 et
1280 604 1485 645 Romanae
1519 601 1617 643 urbi

164 703 242 744 per
273 687 508 728 amicitiam
541 686 755 726 adiunxit.
841 684 954 725 Illud
987 693 1130 724 autem
1162 683 1324 724 factum
1359 690 1425 722 est
1459 682 1614 722 Servio

166 764 317 806 Tullio
351 772 587 818 regnante,
620 763 742 804 cuius
774 776 825 803 eo
859 770 1054 817 spectant
1083 762 1229 802 omnia
1261 761 1483 809 instituta,
1517 773 1616 800 cen-

165 857 239 884 sus
281 843 472 883 maxime
515 850 557 882 et
602 841 841 881 centuriata
871 840 1067 880 universi
1109 837 1285 893 populi,
1333 838 1614 892 patriciorum

168 929 210 960 et
238 918 535 975 plebeiorum,
567 918 742 957 comitia
772 916 1036 971 (comitiatus
1070 914 1318 966 maximus).
1395 913 1547 967 Itaque
1579 915 1615 952 is

167 999 298 1037 ctiam
332 996 428 1049 agri
462 993 628 1049 publici
660 1001 775 1033 certe
810 993 982 1033 emendi
1015 991 1188 1047 plebem
1228 990 1481 1045 participem
1512 989 1615 1029 fecit

165 1072 365 1128 (Dionys.
394 1069 473 1121 IV,
518 1072 572 1110 1⁰
605 1078 648 1111 et
686 1067 784 1124 13),
828 1084 931 1119 nec,
975 1069 1087 1125 quod
1120 1070 1265 1122 magni
1298 1069 1505 1108 momenti
1535 1075 1615 1116 est,

163 1158 261 1204 post
309 1162 407 1189 eum
459 1147 730 1202 pomoerium
782 1146 999 1202 prolatum
1051 1155 1116 1188 est
1165 1146 1366 1201 (Dionys.
1407 1145 1484 1194 lv,
1528 1144 1614 1196 13).

166 1225 265 1275 Quo
307 1226 447 1280 magis
489 1227 598 1266 mira
638 1233 703 1266 est
735 1223 970 1265 Niebuhrii
1013 1226 1185 1280 opinio,
1230 1225 1304 1279 qui
1342 1221 1478 1263 multo
1518 1229 1616 1276 post

167 1302 249 1343 hoc
280 1310 449 1357 tempus
480 1301 598 1342 solos
630 1304 836 1357 patricios
870 1304 912 1341 in
944 1301 1136 1343 colonias
1168 1304 1322 1341 missos
1352 1307 1489 1355 putat,
1522 1297 1616 1352 ple-

168 1380 280 1421 beiis
315 1393 399 1420 non
431 1379 638 1419 admixtis
679 1379 741 1429 (ΙΙ
776 1394 817 1434 p.
846 1381 954 1430 261,
993 1381 1101 1430 278,
1136 1380 1247 1429 488,
1285 1378 1401 1428 508).
1467 1376 1521 1416 Et
1555 1383 1617 1415 tu-

172 1471 271 1498 men
301 1456 415 1497 idem
450 1455 625 1496 colonos
658 1455 760 1497 illos
793 1457 1004 1512 suffragio
1039 1456 1244 1497 exclusos
1276 1462 1420 1511 putat,
1464 1454 1505 1493 id
1538 1461 1618 1501 est,

168 1533 355 1589 plebeiis
409 1533 639 1574 inferiores
691 1534 843 1574 factos.
929 1533 996 1574 De
1047 1535 1303 1589 scriptorum
1358 1532 1618 1571 testimoniis

167 1609 278 1650 nihil
311 1609 476 1660 dicam,
510 1611 638 1650 nimis
679 1612 822 1675 etiams
841 1610 1108 1651 coloniarum
1142 1610 1421 1650 deductiones
1455 1609 1619 1648 tenuis-

164 1689 283 1728 simae
307 1687 448 1742 plebis
475 1689 687 1730 commodi
707 1702 835 1729 causa
858 1689 994 1729 factas
1017 1689 1298 1729 narrantium.
1364 1686 1451 1729 Sed
1473 1694 1616 1726 tamen

256 1828 393 1864 dicere.
433 1829 506 1865 Sed
532 1828 621 1862 huic
645 1840 792 1874 quoque
818 1830 939 1863 multa
962 1829 1016 1864 ita
1039 1828 1229 1871 adiunxit„
1257 1833 1299 1863 ut
1324 1832 1360 1863 et
1384 1828 1457 1862 sibi
1483 1837 1617 1871 parum

261 1893 451 1924 constaret
477 1893 512 1922 et
537 1888 699 1923 aliorum
725 1901 944 1923 consensum
971 1889 1190 1934 impediret,
1224 1891 1328 1923 velut
1366 1889 1461 1922 illud
1501 1888 1553 1928 (Π
1581 1898 1615 1929 p.

255 1949 342 1992 506)
365 1950 402 1983 in
428 1950 601 1984 omnibus
628 1950 744 1983 Italiae
771 1949 985 1984 civitatibus
1010 1951 1160 1994 plebem
1186 1960 1208 1982 a
1228 1948 1396 1994 patriciis
1411 1946 1618 1980 seiunctam

257 2008 395 2049 fuisse,
433 2021 513 2042 rem
549 2021 669 2052 neque
705 2009 927 2043 testimoniis
960 2010 1150 2042 firmatam
1184 2019 1303 2052 neque
1336 2006 1616 2041 convenientem

257 2068 393 2107 initiis,
430 2069 528 2102 unde
554 2073 635 2102 erat
664 2070 877 2112 profect1153
917 2080 1035 2113 neque
1073 2068 1170 2102 enim
1208 2079 1334 2102 omnes
1370 2067 1487 2101 Italia:
1527 2066 1615 2099 civi-

256 2132 351 2163 tates
395 2139 461 2168 eo,
505 2139 576 2172 quo
608 2129 752 2170 Roma,
801 2131 911 2163 modo
945 2133 1188 2163 excreverunt
1226 2128 1396 2162 finitimis
1439 2126 1615 2161 subactis.

256 2189 391 2222 Ortum
418 2189 488 2221 hoc
515 2199 556 2220 cx
579 2189 769 2222 communi
793 2189 860 2223 illo
886 2190 1001 2231 sonte,
1028 2202 1138 2234 quem
1163 2179 1277 2234 supra.
1301 2186 1617 2227 commemornvi;

258 2249 364 2282 bellu
401 2247 615 2282 distributio
662 2249 709 2282 ad
746 2261 871 2283 omnes
916 2251 1074 2294 populos
1112 2249 1373 2283 transferenda
1404 2248 1615 2282 videbatur.

256 2304 390 2342 Simile
416 2313 491 2349 est,
519 2319 646 2342 omnes
672 2309 850 2354 patricios
878 2321 997 2354 equo,
1032 2321 1160 2344 omnes
1186 2309 1353 2355 plebeios
1377 2309 1520 2353 pedites
1546 2307 1616 2341 uii-

258 2368 386 2402 litusse
413 2374 495 2414 post
520 2369 694 2404 Servium
722 2369 919 2411 Tullium3
949 2369 1052 2404 cuius
1082 2370 1242 2404 instituti
1269 2382 1315 2404 ne
1340 2370 1438 2404 ratio
1468 2368 1618 2415 quidem

258 2429 464 2474 excogitari
489 2429 626 2475 possit,
651 2429 722 2464 nisi
750 2434 892 2465 statuas
916 2432 1174 2465 Romanorum
1199 2430 1306 2465 initio
1331 2432 1479 2465 nullum
1504 2430 1620 2464 fuisse

260 2489 481 2534 peditatum.
520 2490 592 2524 Sed
613 2491 806 2535 placebat,
832 2491 979 2526 ordines
1002 2479 1068 2536 per
1086 2492 1211 2525 omnia
1235 2492 1410 2538 disiungi.
1460 2492 1618 2525 Plebem

259 2562 302 2583 cx
327 2549 386 2583 his
421 2550 571 2584 adscitis
601 2551 744 2586 civibus
778 2552 936 2586 crevisse
965 2553 1025 2586 vel
1062 2552 1262 2598 Dionysius
1297 2552 1427 2587 scribit
1452 2553 1515 2592 11,
1551 2551 1616 2585 62:

255 2605 300 2653 ἦν
331 2608 368 2644 δὲ
397 2624 430 2645 τι
461 2607 521 2646 roi]
549 2609 742 2656 δημοτικοῦ
761 2615 864 2657 μέρος
896 2609 958 2647 otiu
991 2610 1112 2659 ὅλιγον
1144 2612 1180 2647 ἔκ
1210 2612 1278 2648 'cdiv
1309 2618 1432 2648 νεωστὶ
1452 2611 1616 2658 προςελη-

257 2667 418 2704 ).ι’θότιυν
443 2667 485 2717 τῇ
504 2672 677 2716 πολιτείᾳ,
704 2668 724 2707 ὅ
744 2671 804 2707 διά
828 2671 869 2708 τό
889 2671 1032 2718 μηδενὸς
1055 2673 1275 2718 συνάρασθαι
1287 2673 1336 2717 τῷ
1356 2671 1525 2714 ‘Potui-2121
1548 2685 1616 2705 πο-

261 2729 386 2772 λέμου,
410 2734 621 2775 παρειμένον
635 2729 702 2767 ὑπὸ
721 2732 781 2767 τοῦ
801 2730 971 2779 ἡγεμόνος
992 2730 1066 2768 oissn
1082 2732 1140 2779 γῆς
1160 2734 1278 2779 εἷληᾳε
1293 2736 1423 2777 μοῖραν
1436 2730 1510 2765 aifre
1525 2728 1615 2775 ὠφε-

261 2787 365 2825 λείας.
421 2791 522 2825 Huic
544 2793 660 2827 turbae
677 2794 815 2828 Tullus
835 2794 1019 2828 Hostilius
1038 2806 1171 2840 agrum
1197 2795 1362 2828 divisisse
1387 2797 1423 2826 et
1447 2792 1617 2825 Caelium

259 2854 437 2888 montem,
471 2852 661 2895 pomoerio
688 2854 896 2895 adiectum,
926 2855 1050 2889 sedem
1077 2856 1217 2890 ‹lt-disse
1245 2859 1418 2889 narratur
1446 2852 1509 2885 lll.
1538 2853 1567 2884 1.
