1981 3390
400 263 499 312 442

450 379 500 422 C.
527 382 576 433 4,
607 383 658 431 9,
691 379 765 422 ubi
801 381 962 422 editum
1005 389 1070 422 est
1113 381 1167 422 ab
1210 379 1433 422 omnibus:
1477 394 1601 436 quam
1635 380 1777 422 urbem

320 463 502 514 propter
544 459 757 512 plurimas·
801 458 907 500 bella·
947 463 1289 513 opportunitates
1333 458 1386 499 ab
1432 459 1514 499 illa
1555 461 1689 512 impia
1735 463 1782 498 et

318 532 542 577 ‘scelerata
572 547 700 575 manu
732 540 946 575 attentari
973 535 1309 588 suspicabamur,
1356 535 1488 576 scribi
1517 534 1645 576 debet
1675 539 1778 574 tem·

319 617 468 669 ptari,
505 613 761 653 auctoritate
795 611 887 651 cod.
917 611 1043 661 Par„
1083 599 1339 663 Bernenss.,
1370 612 1665 653 palatinorum
1698 610 1778 651 ali-

327 698 456 745 quot,
497 688 818 728 Oxoniensium
862 696 1086 742 quattuor,
1127 687 1363 729 editionum
1405 690 1535 730 etiam
1566 697 1778 737 veterum,

326 767 370 807 id
401 773 492 816 est,
541 765 733 805 omnium
766 765 895 805 trium
927 779 1157 819 generu1n3
1200 764 1388 820 vulgatae
1418 767 1541 818 origo
1571 765 1778 805 recentis-

327 844 437 884 sima
468 842 726 897 perspicitur
769 855 829 881 ex
862 843 1011 896 quinto
1044 841 1317 893 Oxoniensi,
1345 852 1408 894 ψ,
1451 841 1526 882 ubi
1555 849 1621 882 est
1648 853 1778 880 manu

327 925 379 961 nt
417 921 604 967 tentari,
646 917 787 960 literis
828 921 1041 974 repetitis.
1116 920 1372 961 Proximum
1414 933 1574 960 nomen
1613 916 1778 958 tribuni

326 996 527 1038 militaris
570 997 832 1035 constituere
882 1009 968 1036 non
1005 1010 1196 1049 possum.
1271 997 1356 1038 Sed
1400 996 1530 1051 paulo
1573 1003 1672 1048 post
1718 1006 1779 1034 ex

325 1073 419 1115 cod.
459 1073 595 1113 Paris.
629 1071 801 1123 (Herv.)
845 1080 888 1114 et
933 1072 1187 1128 vulgaribus
1230 1073 1499 1115 reducendus
1542 1081 1609 1113 est
1653 1079 1779 1112 vetus

325 1149 559 1192 verborum
603 1149 731 1190 ordo:
782 1163 868 1190 non
908 1151 1041 1191 solum
1089 1149 1276 1204 Capuam
1317 1154 1527 1200 venisset,
1572 1163 1649 1204 pro
1692 1162 1776 1203 quo

324 1227 517 1269 Orellius
550 1240 572 1266 e
604 1224 764 1267 Bernn.
787 1235 829 1267 et
858 1227 1002 1283 Naug.
1024 1227 1178 1270 edidit:
1201 1207 1503 1282 uon⁴Cap1cam
1524 1227 1657 1266 solam
1681 1237 1778 1265 ven.

323 1304 442 1347 Male
475 1302 700 1344 divellitur
747 1303 935 1357 Capuam
970 1308 1145 1353 ventre,
1188 1305 1301 1359 quod
1339 1318 1472 1345 unum
1514 1301 1776 1345 contrarium

324 1383 500 1437 ponitur
530 1379 656 1420 alteri
689 1379 897 1421 membro.

444 1458 493 1499 C.
527 1459 569 1508 4,
603 1459 656 1499 10
688 1457 971 1508 certioribus,
1023 1472 1149 1514 quam
1180 1457 1342 1499 factum
1376 1464 1464 1506 est,
1509 1454 1776 1510 argumentis

322 1536 467 1579 refelli
506 1533 634 1576 debet
676 1534 867 1589 vulgata:
913 1534 1114 1575 lectionis
1158 1536 1352 1589 pravitas
1397 1533 1772 1585 commendarique

323 1613 527 1656 Lambini
560 1613 808 1652 coniectura
846 1613 891 1652 in
925 1610 993 1651 his
1023 1611 1191 1654 verbis:
1234 1615 1370 1653 recito
1401 1612 1644 1652 memoriam
1672 1621 1774 1662 per-

309 1688 689 1743 functtpericult,
718 1688 1070 1742 proedtcattonem
1103 1689 1360 1741 amplissimi
1386 1686 1610 1736 beneficii,
1641 1688 1776 1726 vicem

324 1785 348 1810 o
379 1771 461 1810 teti
481 1769 735 1823 Ρνφεεηίιέ,
773 1769 1060 1805 testimonium
1090 1769 1311 1818 proeteriti
1340 1767 1569 1818 temporis,
1606 1763 1651 1802 in
1683 1763 1778 1818 qui·
1830 1761 1834 1763 ’

321 1847 402 1888 bus
431 1844 540 1885 illud
571 1845 705 1882 vicem
736 1840 1046 1882 adverbialiter
1079 1841 1179 1891 dici,
1210 1850 1258 1882 ut
1290 1843 1347 1882 sit
1372 1842 1486 1883 idem
1515 1855 1564 1881 ac
1586 1853 1670 1894 pro
1701 1838 1772 1879 vel

321 1926 442 1974 Ioco,
470 1933 609 1976 neque
639 1918 821 1973 reliqua,
855 1917 1010 1973 quibus
1044 1919 1318 1974 adiungitur,
1353 1918 1650 1968 substantiva,
1679 1930 1772 1972 quae

322 1999 659 2057 appellationem
693 1996 884 2053 aliquam
906 1997 1066 2037 decreti
1096 1994 1270 2046 habent,
1302 1998 1548 2053 patiuntur,
1579 2009 1659 2035 nec
1688 1994 1774 2034 dici

320 2086 462 2136 potest
492 2078 680 2116 recitare
709 2074 881 2127 aliquid
908 2077 1043 2114 vicem
1074 2075 1286 2121 αἶίειιίτιες
1322 2073 1593 2114 substantive
1628 2080 1772 2113 autem

320 2155 509 2209 intelligi
536 2155 670 2194 vicem
702 2149 837 2201 qffiet't
857 2154 1096 2205 praesentts,
1127 2158 1173 2190 ut
1202 2152 1258 2191 sit
1287 2151 1345 2201 id,
1380 2151 1493 2205 quod
1522 2164 1599 2205 pro
1629 2147 1771 2190 officio

320 2232 521 2292 praesenti
561 2228 870 2279 substituatur,
923 2243 1028 2269 usus
1078 2228 1284 2283 loquendi
1329 2241 1506 2282 prorsus
1556 2225 1773 2283 probibet,

323 2313 395 2366 qui
428 2308 540 2365 apud
565 2305 819 2346 Ciceronem
843 2319 897 2346 ne
918 2307 1118 2361 praemitti
1141 2306 1313 2362 quidem
1346 2304 1606 2347 vocabulum
1636 2307 1771 2345 vicem

408 2495 654 2534 au‹:toritate;
690 2503 777 2526 nam
812 2491 848 2525 in
884 2492 1059 2535 vulgares
1086 2490 1230 2525 codices
1258 2490 1549 2536 interpolatione
1577 2491 1771 2525 inductum

410 2568 488 2591 csse
513 2554 763 2599 gravissimoe‚
802 2555 838 2585 et
872 2552 951 2585 cod.
989 2552 1028 2585 C.
1065 2551 1197 2596 Steph.
1223 2552 1401 2593 ostendit,
1445 2553 1506 2596 qui
1538 2552 1771 2596 gravissimis

409 2619 547 2657 habet,
573 2619 611 2650 et
635 2612 790 2648 Gruteri
814 2612 1026 2653 adnotatio,
1054 2611 1150 2646 inter
1176 2612 1387 2652 Palatinos,
1412 2613 1474 2656 qui
1500 2614 1662 2647 alterum
1689 2618 1770 2646 tue-

411 2684 545 2719 antur,
584 2686 720 2710 nonum
758 2685 829 2707 non
868 2672 1108 2706 numerantis.
1173 2673 1250 2706 Nec
1283 2677 1406 2707 tamen
1434 2673 1470 2707 iu
1497 2673 1769 2707 dubitationem

410 2751 522 2779 vocog
552 2746 776 2782 quamquam
803 2732 892 2767 alibi
929 2732 960 2764 ci
989 2732 1222 2766 substantivo
1256 2734 1327 2767 hac
1352 2732 1625 2777 significatione
1651 2732 1770 2777 posito

408 2811 590 2844 nusquam
627 2795 851 2832 adiectivum
888 2792 1048 2826 additur.
1108 2793 1246 2828 Contra
1278 2795 1334 2826 his
1366 2805 1407 2827 cx
1444 2793 1566 2838 prima
1599 2792 1769 2826 codicum

407 2861 524 2906 stin-pc
551 2863 626 2901 cst,
656 2856 830 2893 omissum
858 2853 895 2889 in
919 2855 1040 2890 altera
1067 2858 1101 2889 ct
1129 2855 1287 2890 sortasse
1314 2854 1348 2889 in
1380 2855 1492 2891 tertia
1519 2854 1577 2897 (C.
1603 2851 1765 2897 δίψη).
