1981 3390
1432 236 1524 289 131

144 363 238 414 ipso
269 357 407 409 malo,
439 366 523 411 quo
541 352 673 395 modo
692 349 932 394 Lambinus
949 352 1139 396 scribere
1156 353 1343 398 solebat.
1407 355 1450 399 Is
1479 361 1594 401 enim

144 436 409 493 frequentior
439 431 545 474 ordo
574 439 692 481 erat,
739 432 813 487 qui
844 445 975 488 quum
1008 417 1240 488 aliquoties
1271 448 1297 475 a
1326 433 1517 476 librariis
1548 438 1594 478 in

148 528 274 564 eum,
317 512 390 568 qui
432 511 571 551 rarior
612 518 680 551 est
717 508 880 562 multo,
933 518 1124 552 mutatus
1167 520 1310 565 esset,
1351 512 1597 570 elegantius

145 592 275 633 etiam
324 597 368 630 et
407 588 673 630 reconditius
715 587 913 631 habitum
958 597 1025 630 est
1062 593 1157 644 ipse
1193 590 1284 631 ille.
1349 590 1410 632 Iis
1442 591 1596 634 harum

142 667 367 709 duodecim
401 668 644 708 orationum
669 665 792 717 locis,
826 666 903 709 ubi
932 667 1095 709 editum
1123 676 1215 740 erfit
1244 672 1338 723 ipse
1362 670 1454 722 ille,
1487 669 1595 712 alte·

101 775 105 778 -
142 759 238 787 rum
273 745 468 787 ordinem
501 744 594 786 sere
640 754 714 786 aut
746 759 896 787 omnes
930 745 1149 787 habebant
1183 747 1381 799 codices,
1412 761 1472 789 ex
1501 750 1594 804 qui-

143 822 225 866 bus
266 822 375 866 talia
413 823 618 864 adnotata
650 832 775 872 sunt,
820 833 894 866 aut
936 824 1311 879 praestantissimi,
1354 824 1482 866 Catil.
1515 825 1596 877 IV,

142 903 193 954 8,
223 904 278 944 17
308 902 399 944 Erf.
431 915 527 942 cum
571 901 667 942 edd.
703 908 832 951 vett.‚
870 915 947 956 pro
979 900 1078 942 Mil.
1109 903 1191 951 25,
1230 901 1286 941 68
1316 889 1406 943 Erfss
1440 911 1483 943 et
1513 902 1595 944 Ba-

144 981 342 1030 varicus,
375 977 463 1020 ibd.
482 979 562 1030 32,
591 979 648 1020 88
666 977 757 1019 Erf.
792 985 835 1019 et
864 977 1071 1035 Palimps.
1104 977 1312 1030 Tam-in„
1342 978 1532 1036 Philipp.
1556 982 1596 1031 1,

144 1058 224 1109 14,
254 1058 312 1098 34
339 1056 484 1099 Vatic.
517 1057 626 1112 (vid.
659 1055 828 1110 Garat.)
884 1055 1207 1113 Relinquuntur
1237 1057 1321 1099 duo
1355 1056 1457 1109 loci,
1493 1072 1597 1113 quo-

142 1150 240 1178 rum
272 1134 458 1177 alterum
487 1136 680 1192 reperire
714 1148 827 1176 nunc
855 1149 943 1176 non
974 1136 1112 1190 potui,
1141 1136 1186 1176 in
1211 1134 1364 1186 altero,
1398 1149 1475 1192 pro
1498 1133 1597 1176 Mil.

145 1216 224 1265 19,
252 1215 336 1265 50,
365 1215 504 1257 maior
536 1227 633 1255 esse
672 1214 845 1255 videtur
878 1214 945 1254 vis
979 1215 1249 1269 pronominis
1277 1217 1397 1268 ipse,
1431 1222 1479 1253 ut
1509 1214 1598 1268 pri-

145 1306 262 1334 mum
295 1294 388 1348 ipse
423 1305 501 1348 per
532 1305 579 1332 se
609 1289 730 1332 locus
763 1289 1059 1346 intelligatur,
1101 1291 1256 1332 deinde
1290 1292 1370 1332 ille
1411 1295 1517 1345 ipse,
1552 1291 1596 1332 id

145 1378 238 1421 est,
267 1370 393 1411 idem.
457 1367 626 1412 Similis
664 1377 730 1410 est
768 1369 812 1409 in
853 1367 951 1410 aliis
996 1368 1264 1410 orationibus
1298 1383 1446 1411 eorum
1479 1368 1598 1410 loco-

144 1461 242 1489 rum
279 1449 417 1499 ratio,
457 1448 504 1488 in
532 1445 688 1502 quibus
728 1450 821 1500 ipse
860 1448 939 1487 ille
979 1447 1150 1488 codices
1191 1455 1392 1498 tuentur,
1433 1455 1480 1487 ut
1524 1455 1600 1488 aut

145 1534 349 1581 tanquam
378 1526 622 1580 praecipuus
653 1523 811 1579 aliquis
850 1525 1098 1565 nominetur
1130 1533 1173 1564 et
1202 1524 1254 1564 de
1285 1539 1370 1580 quo
1402 1525 1597 1566 maximo

147 1612 303 1659 agatur
334 1610 409 1644 aut
454 1617 533 1658 per
571 1615 618 1643 se
660 1600 825 1658 aliquid
862 1602 1019 1643 fecisse
1057 1600 1355 1657 significetur,
1396 1602 1526 1643 Verr.
1562 1601 1598 1654 Ι,

148 1682 218 1732 26,
249 1680 320 1732 65,
360 1679 396 1732 Ι,
427 1681 498 1732 42,
527 1682 623 1731 107,
656 1695 733 1736 pro
769 1682 913 1723 Sestio
946 1682 1016 1732 30,
1044 1682 1114 1732 66,
1143 1682 1213 1732 54,
1243 1682 1339 1732 116,
1371 1681 1415 1721 in
1448 1680 1599 1721 Vatin.

149 1760 218 1810 11,
248 1760 318 1800 26.
372 1757 441 1801 Ne
474 1760 571 1815 quis
599 1757 800 1810 alterum,
829 1759 943 1815 quod
974 1761 1106 1800 etiam
1139 1757 1473 1799 Ciceronianum
1504 1772 1601 1799 esse

148 1836 347 1878 nonnulli
384 1846 623 1893 negarunt,
676 1846 843 1878 rectum
884 1846 927 1878 et
968 1838 1256 1892 frequentius¹
1281 1850 1377 1876 esse
1419 1835 1600 1885 dubitet,

149 1915 352 1970 inspiciat
390 1914 520 1957 Verr.
550 1914 596 1966 Ι,
621 1916 700 1966 46,
736 1917 840 1966 119,
873 1914 939 1965 Π,
968 1916 1047 1966 21,
1077 1916 1157 1963 50,
1188 1913 1245 1964 V,
1273 1915 1354 1964 50,
1384 1915 1488 1963 131,
1521 1926 1600 1967 pro

153 1991 268 2033 Sest.
296 1993 373 2042 13,
400 1993 479 2041 29,
511 1993 556 2031 in
583 1991 733 2033 Vatin.
765 1993 847 2042 12,
877 1993 947 2042 29,
979 2006 1058 2046 pro
1089 1990 1236 2031 Plane.
1265 1992 1346 2040 23,
1379 1991 1457 2039 56,
1490 1989 1601 2044 Epp.

153 2069 207 2109 ad
239 2068 360 2110 Fam.
391 2068 449 2119 V,
478 2069 532 2118 2,
564 2069 618 2119 8,
651 2067 754 2119 Vll,
782 2069 810 2107 2
843 2077 948 2118 etc.,
982 2081 1163 2123 quorum
1182 2066 1375 2108 locorum
1403 2066 1603 2107 nonnulli

152 2147 215 2187 ita
242 2154 343 2187 sunt
376 2147 627 2201 comparati,
659 2154 706 2186 ut
735 2149 829 2200 ipse
856 2146 934 2186 ille
963 2147 1066 2201 poni
1095 2154 1265 2201 posset3
1299 2144 1375 2186 sed
1404 2146 1602 2200 scriptor,

154 2223 267 2279 quod
301 2221 398 2265 fieri
428 2221 624 2274 solebat,
655 2225 846 2278 priorem
879 2222 1033 2264 maluit
1062 2237 1158 2263 esse
1190 2222 1603 2263 demonstrationem

152 2302 217 2344 rei
247 2309 358 2342 notae
389 2308 432 2342 et
461 2308 806 2343 commemoratae
840 2300 972 2354 (ille),
1025 2314 1153 2356 quam
1187 2300 1392 2343 notabilis
1423 2308 1467 2342 et
1497 2313 1604 2356 pree-

153 2380 290 2436 cipuoe
319 2379 450 2434 (ipse)
474 2379 528 2433 1).

178 2557 218 2601 ¹)
245 2555 455 2601 [Attingam
479 2553 595 2588 aliam
625 2564 772 2599 quoque
813 2553 1078 2599 pronominum
1114 2552 1425 2588 coniunctionem.
1478 2553 1517 2587 C.
1549 2552 1604 2594 16,

247 2616 295 2652 46
311 2613 521 2650 necessario
542 2613 704 2656 restitui,
732 2616 829 2660 quod
847 2616 1001 2650 ductum
1027 2627 1070 2650 ex
1098 2614 1249 2660 optimis
1275 2613 1464 2648 codicibus
1491 2613 1605 2656 (θοι,

248 2677 353 2722 Etr.)
389 2676 590 2722 legebatur
622 2676 722 2721 apud
749 2677 955 2711 Gruterum
981 2681 1018 2712 ct
1044 2675 1270 2722 posteriores
1299 2674 1482 2715 editores,
1514 2673 1608 2707 idem

249 2738 318 2772 iste
354 2737 617 2776 Mithridates,
664 2737 730 2771 ubi
773 2737 1022 2773 recentissimi
1066 2739 1254 2772 haeserunt
1287 2735 1325 2769 in
1364 2734 1476 2775 idem,
1511 2734 1608 2779 quod

248 2797 418 2842 proxima
451 2802 533 2833 crat
558 2798 791 2834 Cretensium
831 2798 996 2842 menti03
1028 2799 1156 2844 itaque
1190 2795 1357 2832 Matthiae
1387 2795 1480 2828 idem
1505 2794 1608 2828 ‹lelc-

254 2856 329 2900 νὴ,
364 2857 552 2904 ediditque
584 2859 662 2904 ipsc
693 2860 819 2904 (codd.
846 2859 1050 2897 deteriores
1075 2860 1217 2896 habent
1245 2858 1340 2893 idem
1365 2855 1473 2902 ipse).
1499 2855 1609 2895 Orcl-

1299 2928 1346 2962 0.
