1981 3390
351 233 450 281 390

286 352 424 394 Miror
439 359 597 402 autem,
626 354 700 408 qui
714 352 1061 407 interpolationis
1081 356 1265 411 vestigia
1287 356 1329 395 in
1349 355 1636 397 deterioribus
1652 355 1730 398 ali-

288 437 390 484 quot
411 428 536 470 libris
557 432 809 481 manserint,
831 432 875 471 in
898 430 1150 473 melioribus
1162 431 1457 474 Bet-nensibus
1471 433 1730 476 exciderint.

406 506 494 548 Sed
526 506 578 547 de
604 506 686 548 hoc
710 522 870 563 genere
897 508 1057 550 dictum
1087 518 1169 550 est.
1229 508 1386 551 Cetera
1415 511 1564 550 ordine
1595 523 1733 563 expo-

288 596 404 633 nam,
435 582 645 624 nonnulla
671 584 802 624 etiam
831 585 1079 635 minutiora,
1112 588 1313 641 quoniam
1347 588 1597 641 graviorum
1625 601 1734 642 prae-

287 668 409 712 repta
438 661 574 700 maior
598 673 698 715 pars
732 668 812 700 est.
874 658 922 700 C.
954 662 1009 711 2,
1040 662 1068 701 3
1094 663 1256 704 editur:
1288 668 1374 704 iam
1408 664 1483 704 diu
1514 668 1653 705 minus
1683 667 1732 705 in

274 735 385 785 foro
398 735 613 777 nobiscum
627 741 837 784 versatur-3
865 737 939 777 sed
954 752 1104 779 verum
1118 753 1212 779 esse
1228 739 1542 793 nobiscumque,
1562 741 1674 795 quod
1688 743 1733 781 in

286 812 523 853 parisiensi
542 813 703 869 legitur
723 822 765 853 et
781 812 1073 856 Bernensibus
1090 831 1251 871 eoque,
1283 818 1377 872 qui,
1407 818 1734 858 mendosissime

289 891 473 944 scriptus
503 892 546 930 iu
578 890 657 932 hac
681 893 901 942 oratione,
948 893 1002 934 ad
1032 891 1276 934 Beruenses
1302 901 1444 934 tamen
1476 895 1735 948 cognatione

290 968 478 1017 accedit,
508 967 775 1019 Erfurtensi,
808 978 852 1009 et
884 970 927 1009 in
959 970 1147 1012 editione
1182 968 1231 1011 C.
1260 970 1492 1023 Stephani,
1532 971 1736 1022 ostendit,

291 1045 403 1098 quod
432 1045 478 1084 in
510 1044 773 1087 editionibus
813 1047 1001 1102 antiquis
1033 1050 1093 1098 (a.
1124 1049 1234 1089 1472
1262 1056 1305 1089 et
1335 1049 1463 1100 148⁰)
1493 1062 1549 1089 ex
1580 1047 1738 1104 vulga-

289 1119 409 1161 ribus
455 1121 676 1163 codicibus
728 1123 920 1164 eiusdem
976 1125 1198 1178 scripturae
1252 1127 1440 1181 vestigia
1487 1133 1737 1166 manserunt

292 1197 528 1248 (nobiscum
560 1204 759 1254 qnoque).
822 1201 876 1240 Et
906 1201 1130 1254 aptissime
1164 1216 1248 1242 non
1278 1201 1420 1243 solum
1439 1202 1580 1243 forum
1600 1204 1736 1243 nomi-

292 1284 388 1326 nat,
415 1278 459 1317 in
493 1291 576 1331 quo
603 1276 850 1318 abundabat
877 1277 985 1318 illud
1015 1276 1257 1328 nobiscum,
1299 1280 1376 1320 sed
1409 1292 1534 1320 usum
1567 1293 1737 1334 quoque

291 1355 508 1407 privatum
539 1352 783 1409 significat,
827 1369 953 1411 quem
994 1369 1069 1396 cur
1105 1354 1300 1397 Orellius
1332 1360 1578 1411 neutiquam
1609 1355 1740 1396 intel-

293 1430 372 1486 ligi
401 1431 539 1482 dicat,
581 1446 666 1473 non
699 1432 839 1473 video.
911 1432 1018 1473 Erat
1044 1431 1221 1474 Caelius
1250 1442 1372 1489 pater
1401 1447 1534 1488 eques
1559 1435 1741 1474 munici-

291 1507 419 1563 palis,
444 1517 491 1549 ut
512 1510 676 1550 Sextus
695 1509 893 1559 Roscius,
924 1518 970 1550 ut
987 1511 1122 1563 ipsius
1139 1508 1362 1551 Ciceronis
1381 1519 1504 1565 pater
1523 1511 1579 1565 ²).
1633 1510 1740 1551 Post

293 1599 452 1640 paucos
484 1600 636 1627 versus
669 1588 831 1637 nescio,
859 1601 933 1627 cur
962 1586 1060 1628 illa:
1086 1585 1277 1632 habitam
1307 1601 1397 1629 esse
1431 1598 1631 1628 summam
1661 1585 1736 1628 ko·-

295 1662 450 1718 dieque
478 1661 632 1704 haberi
667 1662 862 1703 Orellius
894 1665 1051 1713 mutari
1082 1663 1214 1714 velit,
1257 1678 1387 1719 quum
1419 1666 1512 1718 ipse
1548 1664 1739 1719 reliquo-

295 1754 390 1781 rum
435 1741 629 1781 codicum
673 1739 821 1781 turbas
862 1741 1133 1782 intellexerit
1178 1750 1293 1781 ortas
1337 1755 1433 1781 esse
1465 1752 1518 1781 ea
1550 1741 1742 1796 interpo-

296 1817 414 1858 landi
446 1816 704 1868 sedulitate,
736 1832 828 1873 quae
857 1819 901 1858 in
930 1818 1165 1859 parisiensi
1198 1832 1367 1873 quoque
1397 1818 1571 1866 codice,
1609 1833 1740 1874 quum

297 1896 434 1950 prima
466 1909 618 1935 manus
652 1893 763 1935 hanc
794 1894 1023 1936 lectionem
1058 1895 1325 1950 scripsisset,
1356 1897 1572 1951 corrigere
1604 1904 1743 1937 tenta-

300 1974 373 2012 vit.
438 1970 564 2022 Quod
596 1981 737 2013 autem
768 1970 1029 2014 Lambiuum
1058 1971 1221 2023 laudat,
1255 1974 1328 2028 qui
1358 1973 1543 2014 senserit
1568 1973 1742 2030 proprie

298 2050 459 2104 requiri
486 2055 615 2106 atque
645 2048 855 2105 hodieque
887 2049 990 2102 (hoc'
1015 2059 1104 2106 est,
1144 2049 1271 2090 hodie
1302 2052 1500 2106 quoque),
1539 2051 1742 2093 nimirum

297 2128 460 2168 rariore
501 2137 542 2168 et
580 2126 872 2182 elegantiore,
920 2141 1048 2183 quam
1087 2126 1292 2184 putabat,
1342 2142 1450 2169 voce
1488 2126 1743 2169 Ciceronem

326 2287 364 2330 ¹)
390 2287 459 2320 vix
486 2291 616 2321 notatu
641 2287 816 2333 dignum,
857 2287 929 2322 nisi
962 2299 1008 2322 ne
1043 2287 1124 2333 quis
1159 2287 1411 2322 Bet-nensibus
1444 2288 1550 2323 codd.
1585 2287 1747 2329 diffidat,

392 2347 505 2380 etiam
532 2347 652 2381 Paris.
680 2359 709 2380 c.
735 2347 776 2388 3,
801 2348 823 2381 6
849 2348 991 2381 habere
1016 2353 1099 2381 sunt
1126 2349 1231 2386 euim,
1256 2359 1328 2381 non
1352 2347 1490 2380 etenim.
1537 2348 1605 2381 Est
1630 2347 1745 2381 ctiam

392 2407 431 2441 in
462 2406 518 2440 ed,
555 2417 587 2440 a.
622 2407 724 2441 1472.
778 2407 926 2441 Abusus
960 2411 1015 2440 est
1048 2405 1146 2441 enim
1174 2407 1285 2440 huius
1321 2407 1394 2440 loci
1430 2408 1586 2452 vulgato
1611 2409 1744 2442 mendo

391 2468 435 2502 E.
471 2468 704 2508 IVuudcrus,
750 2478 863 2511 quum
899 2467 935 2500 in
973 2469 1067 2500 orat.
1103 2477 1170 2511 pro
1212 2465 1367 2499 Plancio
1399 2466 1466 2506 1⁶,
1512 2465 1556 2501 38
1592 2479 1636 2502 cx
1669 2479 1743 2503 uno

393 2528 471 2562 cod.
501 2527 706 2568 Bavurim),
746 2526 985 2560 dissentiente
1011 2526 1175 2567 Erl'urt„
1200 2525 1346 2559 intulit:
1382 2527 1469 2560 libet
1493 2527 1642 2567 οἱεηίηις
1677 2539 1744 2562 nee

392 2588 513 2622 minus
538 2589 655 2622 salsus
679 2593 733 2622 est
758 2588 803 2620 dc
839 2587 919 2622 Cat.
947 2587 993 2628 9,
1026 2585 1095 2628 29,
1136 2586 1199 2619 ubi
1235 2598 1381 2620 summa
1410 2588 1489 2621 cod.
1524 2587 1610 2621 Pur.
1646 2588 1744 2622 anti-

392 2649 559 2694 quissimi
585 2648 829 2689 auctoritate,
856 2659 900 2681 ne
927 2647 1092 2692 reliquus
1116 2658 1342 2688 memorem,
1369 2647 1621 2692 redarguitur.
1669 2648 1744 2692 Qui

393 2721 483 2743 vero
511 2709 653 2743 homiui
680 2713 788 2743 acuto
815 2707 992 2741 accidisse
1017 2707 1136 2740 dicum
1153 2733 1161 2747 ,
1200 2712 1239 2741 ut
1265 2709 1309 2740 ad
1345 2708 1453 2742 iotam
1487 2706 1523 2740 in
1555 2707 1746 2741 Ciceronis

396 2775 431 2806 vt
455 2770 694 2815 antiquorum
728 2767 874 2813 scriptis
902 2768 1125 2813 pravitatem
1151 2767 1414 2801 stabiliendam
1443 2772 1610 2802 uteretur
1636 2769 1745 2803 selio-

393 2831 507 2865 liastoe
534 2831 703 2866 Vaticani
730 2834 765 2865 ct
790 2829 1002 2863 infimorum
1028 2827 1373 2863 iurisconsultorum
1412 2827 1535 2864 locis?
