1981 3390
391 188 455 236 9&

325 323 424 351 raro
456 308 508 349 ab
541 307 639 349 aliis
672 308 953 363 scriptoribus
983 317 1026 349 et
1058 307 1111 349 ab
1138 310 1191 349 iis
1224 310 1541 363 grammaticis,
1585 323 1763 362 quorum

326 401 404 428 nos
433 386 568 428 libros
590 386 822 437 habemus,
852 387 1034 437 citatur,
1063 400 1164 437 nec,
1198 395 1245 426 ut
1280 386 1472 436 videtur,
1504 386 1587 425 nisi
1620 386 1764 427 addito

325 474 500 521 propter
531 479 624 505 eam
656 477 830 505 causam
855 461 1075 517 Philologz·
1109 465 1390 521 cognomine3
1423 466 1484 504 sic
1518 465 1632 504 enini
1659 465 1762 504 cita-

325 553 393 585 tur
426 559 450 584 a
487 542 628 583 Plinio
661 543 705 581 in
735 540 874 580 indice
907 548 1129 582 auctorum
1157 540 1259 582 libri
1301 543 1468 596 quarti,
1513 556 1538 581 a
1567 541 1697 582 Festo
1730 554 1764 580 s.

329 636 367 662 v.
405 619 627 668 Nauem,
688 618 834 658 acrem
864 618 926 668 ·(e
965 616 1078 659 libro
1118 618 1521 672 glossematorum),
1581 617 1766 658 orchites·

326 702 368 747 (e
412 696 733 745 collectaneis),
786 692 1019 748 stroppus,
1067 693 1270 745 Tudites,
1327 696 1539 746 Vacerra,
1585 711 1610 736 a
1654 695 1765 736 Cha-

325 775 430 814 risio
462 772 480 812 I
511 788 551 827 p.
585 774 666 813 102
703 780 746 812 et
777 786 819 827 p.
862 772 945 811 1⁰8
983 770 1058 822 P.,
1099 785 1125 812 a
1167 772 1321 812 Servio
1363 772 1418 812 ad
1455 772 1630 814 AEneid.
1670 772 1689 812 1
1725 787 1764 813 v.

327 853 406 893 ool
437 852 572 902 (605),
604 851 803 905 denique,
831 858 878 889 ut
905 850 998 904 ipse
1029 847 1234 890 Osannus
1263 850 1471 900 coniecit,
1505 864 1530 890 a
1559 849 1766 889 Priscian.

327 930 356 969 S
386 944 427 984 p.
458 929 541 969 792
580 928 627 969 Ρ.
671 927 768 979 (ubi
808 926 942 981 vulgo
985 934 1051 967 est
1092 926 1287 981 Alpheus·
1327 926 1622 982 Philologns)‚·
1667 941 1766 968 nam

330 1006 442 1059 quod
476 1020 501 1046 a
531 1006 684 1046 Servio
717 1005 769 1045 ad
801 1004 974 1045 AEneid.
1009 1003 1052 1055 1,
1085 1005 1168 1045 273
1201 1013 1244 1044 et
1272 1004 1330 1055 V,
1358 1005 1414 1045 45
1446 1004 1602 1045 Ateius
1633 1007 1769 1045 nonni-

332 1092 457 1124 natur
487 1082 753 1137 simpliciter,
796 1083 833 1122 is
867 1080 1021 1136 Capito
1054 1082 1226 1123 videtur
1244 1096 1355 1133 esse,
1385 1081 1515 1137 longe
1542 1082 1769 1132 illustrior,

332 1176 356 1201 a
389 1162 511 1203 cuius
542 1162 917 1201 coniectaneorum
958 1168 1212 1214 argumento
1254 1174 1337 1200 non
1378 1159 1635 1210 adhorrent,
1676 1173 1769 1214 quae

332 1239 394 1280 ibi
436 1239 676 1280 traduntur.
750 1237 873 1278 Unus
926 1244 1122 1291 superest
1164 1235 1297 1276 Plinii
1340 1235 1521 1276 Maioris
1564 1236 1686 1276 locus
1727 1238 1772 1276 in

331 1317 470 1357 indice
504 1322 727 1355 auctorum
759 1312 862 1353 libri
892 1311 1099 1363 XXXII,
1132 1311 1207 1352 ubi
1235 1311 1289 1352 L.
1317 1312 1445 1353 Ateii
1468 1314 1639 1354 nomine
1660 1313 1774 1355 hunc

330 1393 610 1449 philologum
657 1388 928 1445 significasse
972 1389 1112 1431 videri
1150 1398 1305 1445 potest.
1391 1390 1497 1431 Eius
1541 1405 1594 1432 ne
1637 1390 1771 1432 libros

334 1472 505 1524 quidem
548 1468 707 1510 multos
745 1467 1034 1523 superfuisse,
1092 1482 1150 1508 ex
1193 1469 1330 1524 ipsius
1379 1468 1577 1509 Suetonii
1625 1467 1771 1509 verbis

330 1548 520 1603 intelligi
563 1554 705 1602 potest
754 1545 833 1596 (ex
873 1548 1190 1586 commentariis
1224 1549 1339 1595 eius,
1383 1559 1632 1600 quamquam
1657 1559 1771 1599 pau-

332 1630 491 1667 cz‘ssz‘mz
526 1626 732 1676 exstent).
798 1622 890 1663 Nec
921 1636 1050 1674 sane,
1082 1637 1174 1678 quae
1214 1623 1326 1679 apud
1356 1624 1660 1678 grammaticos
1693 1636 1771 1663 ex-

331 1713 446 1746 stant
488 1701 778 1743 didascalicon
820 1700 1088 1755 fragmenta,
1138 1690 1198 1740 ex
1245 1702 1516 1756 grammatici
1560 1700 1772 1740 eiusmodi

332 1783 490 1837 scripto
525 1781 656 1820 citata
695 1791 789 1818 esse
829 1760 1024 1832 possunt.
1096 1778 1353 1820 Afferuntur
1396 1779 1511 1818 enim
1540 1776 1771 1818 verborum

331 1859 570 1914 priscorum
604 1864 646 1896 et
673 1856 842 1910 poetice
872 1853 1070 1896 fictorum
1101 1854 1386 1906 (redhostire,
1420 1858 1677 1904 inituicieer,
1709 1860 1771 1895 te-

334 1939 514 1984 meritis,
539 1946 785 1989 perperus,
803 1933 1101 1994 pterperz'tudo,
1123 1933 1396 1987 ponderilas,
1425 1936 1569 1991 statim,
1597 1946 1674 1987 pro
1705 1945 1773 1972 or-

335 2013 502 2066 dinate)
547 2011 852 2060 auctoritates,
903 2023 1009 2064 quas
1052 2023 1138 2050 non
1176 2024 1235 2050 ex
1271 2008 1392 2049 illius
1434 2010 1607 2064 generis
1648 2008 1773 2050 libris

336 2091 598 2147 posteriores
627 2086 881 2143 repetebant
898 2087 952 2140 ¹).
1008 2086 1101 2129 Nec
1134 2088 1381 2142 quisquam,
1420 2087 1492 2142 qui
1524 2101 1609 2127 non
1639 2085 1772 2127 hebes

335 2171 414 2218 sit,
446 2170 490 2207 in
523 2166 612 2206 illis
637 2164 891 2216 Falsc‘dc'ca,
929 2165 1106 2215 audax,
1145 2165 1473 2219 grammaticum
1499 2163 1772 2207 Ciceroniani

337 2245 565 2299 temporis,
607 2242 681 2282 sed
725 2243 880 2295 tragici
917 2242 1076 2281 veteris
1123 2241 1338 2281 scribendi
1375 2255 1512 2295 genus
1550 2249 1769 2294 agnoscet.

335 2321 705 2377 Pragmaticorum
757 2331 925 2373 quoque
973 2316 1115 2358 locum
1164 2316 1277 2358 Gell.
1308 2319 1431 2368 XX,
1473 2319 1501 2358 3
1544 2316 1671 2373 plane
1711 2319 1772 2358 ita

338 2403 440 2442 citat
470 2407 670 2453 tanquam
705 2396 863 2436 veteris
895 2403 1059 2448 poetae,
1103 2409 1228 2450 quem
1259 2394 1475 2450 explicet,
1515 2409 1599 2436 non
1631 2409 1771 2450 gram-

338 2478 506 2526 matici,
539 2489 599 2516 ex
632 2487 714 2529 quo
745 2486 835 2513 rem
865 2472 1013 2513 discat.
1072 2472 1157 2514 Sed
1185 2473 1237 2513 de
1268 2471 1477 2514 Cicerone
1504 2480 1547 2513 et
1573 2472 1770 2514 Varrone

364 2623 400 2666 1)
430 2622 531 2655 Raro
575 2618 610 2651 in
655 2616 838 2662 singulari
875 2615 1001 2661 aliqua
1045 2617 1168 2652 {orma
1214 2617 1389 2652 vocabuli
1433 2615 1642 2657 testimonio
1690 2620 1770 2650 utc-

426 2683 564 2716 bantur
588 2678 833 2712 vetustiorum
858 2677 1212 2721 grammaticorum,
1249 2678 1312 2723 qui
1336 2689 1418 2713 cam
1446 2677 1574 2711 dedita
1597 2687 1711 2721 opera
1737 2682 1772 2711 et

432 2752 473 2775 re
515 2738 665 2785 quaesita
700 2736 865 2782 posuisse
900 2737 1135 2780 viderentur,
1179 2737 1216 2772 in
1252 2750 1323 2782 quo
1362 2749 1500 2785 genere
1532 2736 1609 2781 ipse
1643 2736 1770 2772 Ateius

430 2801 653 2846 Philologus
678 2798 775 2844 apud
793 2797 1005 2834 charisium
1029 2810 1065 2843 p.
1091 2797 1160 2833 102
1185 2799 1330 2835 citatur.

1950 953 1965 1106 ἓ
