1981 3390
431 205 495 253 20

364 339 422 368 ex
457 340 567 382 quo,
595 339 724 384 quum
757 340 962 382 perverse
993 328 1133 381 idem,
1164 331 1235 384 qui
1265 329 1563 385 superioribus
1597 329 1812 383 versibus,

361 403 601 461 significari
640 414 890 462 putaretur,
944 406 1174 448 admodum
1216 410 1411 464 suspicor
1452 417 1656 450 exortum
1701 422 1814 461 esse,

361 484 475 540 quod
513 499 556 540 p.
588 485 616 526 3
654 487 693 536 ξ.
721 487 747 526 1
790 486 836 525 in
875 485 1131 540 fragmentis
1174 485 1359 542 legitur:
1410 486 1636 528 Terentius
1675 486 1813 529 Varro

358 565 406 603 iu
437 562 602 603 Punico
632 561 742 603 bello
772 566 839 603 ita
869 567 1032 604 cecinit
1061 564 1114 604 de
1149 562 1429 618 Carthaginis
1451 570 1582 606 oetate
1599 567 1666 617 1),
1699 564 1814 620 quod

358 639 572 681 Varronis
614 653 722 694 opus
770 638 945 680 aliunde
981 642 1177 695 ignotum
1218 651 1333 691 erat3
1385 644 1468 683 etsi
1511 641 1600 683 alia
1642 656 1814 698 quoque

358 716 474 758 male
507 714 703 771 fingendi
735 729 866 757 eausa
892 730 988 756 esse
1014 719 1156 772 potuit
1185 718 1238 758 ab
1271 718 1431 759 Ovidio
1455 728 1636 761 remota.
1697 719 1811 761 Nam

356 794 400 834 in
430 791 528 834 loco
558 793 770 835 Prisciani
801 809 844 850 p.
875 796 961 836 877
1002 794 1179 836 Putsch.
1218 796 1264 836 in
1305 797 1618 850 antiquissimis
1658 797 1813 837 editio-

358 869 486 912 nibus
519 879 563 912 et
603 872 698 912 sine
733 870 865 913 dubio
909 874 955 913 in
1000 871 1257 927 quibusdam
1299 872 1520 914 codicibus
1564 871 1815 928 legebatur:

370 949 506 991 Varro
538 948 645 990 belli
670 953 832 1004 punici
861 954 1089 1004 sequanici
1119 949 1228 991 libro
1255 951 1466 1003 secundo,
1506 966 1566 993 ex
1599 967 1682 1007 quo
1715 953 1813 995 loco

353 1027 529 1068 ductum
568 1035 634 1068 est
665 1030 821 1080 etiam,
861 1028 974 1084 quod
1005 1029 1049 1068 in
1085 1027 1286 1084 catalogo
1317 1031 1576 1085 scriptorum
1604 1029 1666 1071 Μ.
1699 1030 1814 1073 Var-

353 1106 472 1146 ronis
501 1107 548 1146 in
576 1104 779 1147 biblioth.
803 1106 902 1148 Lat.
935 1105 1125 1148 Fabricii
1157 1105 1311 1148 bellum
1340 1109 1549 1150 Punicum
1580 1109 1810 1151 secundum

356 1192 729 1225 commemoratur.
793 1184 865 1224 Ex
897 1186 1101 1239 proximo
1135 1198 1290 1226 versu:

469 1261 526 1301 Et
555 1260 750 1312 Marius,
781 1262 932 1316 scripti
963 1262 1121 1303 dexter
1149 1264 1194 1302 in
1227 1276 1354 1303 omne
1389 1275 1545 1319 genus,

352 1338 555 1379 effectum
598 1345 665 1378 est
704 1352 744 1392 p.
775 1337 804 1378 5
844 1340 867 1389 ξ
898 1339 927 1378 9
995 1338 1041 1380 C.
1070 1339 1251 1381 illarius
1287 1343 1336 1381 iu
1368 1343 1505 1381 variis
1535 1338 1811 1383 carminibus.

353 1416 440 1459 Sed
472 1430 686 1471 nusquam
719 1417 934 1471 apertior,
964 1431 1223 1473 quamquam
1253 1417 1414 1473 ubique
1456 1426 1631 1473 aperta,
1674 1418 1810 1470 fraus,

356 1508 484 1550 quam
516 1496 563 1535 in
589 1495 669 1545 iis,
705 1508 799 1550 quae
834 1493 1008 1535 effinxit
1041 1508 1096 1536 ex
1124 1495 1324 1537 versibus
1349 1497 1406 1537 25
1440 1505 1483 1537 et
1510 1497 1587 1536 26:

471 1571 812 1628 Trinacriusque
843 1586 933 1614 suae
962 1573 1192 1614 Perseidos
1222 1580 1394 1624 auctor,
1425 1581 1469 1613 et
1501 1581 1650 1615 auctor

473 1649 718 1692 Tantalidae
756 1651 927 1692 reducis
961 1650 1318 1706 Tyndaridosque
1348 1650 1514 1706 Lupus.

352 1726 465 1769 Nam
498 1743 630 1784 quum
661 1728 732 1769 hic
762 1728 840 1770 alii
869 1743 1003 1770 unum
1033 1730 1302 1784 scriptorem,
1333 1728 1541 1780 Siculum,
1568 1725 1807 1784 significari

350 1813 584 1860 putarent,
615 1805 692 1846 alii
724 1807 858 1857 duos,
899 1815 1049 1847 cautus
1084 1806 1212 1847 homo
1243 1815 1497 1862 utrumque,
1531 1806 1807 1861 quemadmo-

353 1884 454 1925 dum
484 1867 615 1938 sup'ra
646 1885 692 1924 in
726 1868 891 1925 Severo
923 1884 1048 1934 fecit,
1089 1885 1212 1938 sequi
1240 1883 1395 1924 voluit.
1457 1884 1650 1925 Primum
1684 1883 1809 1938 quasi

353 1976 463 2002 unus
493 1963 649 2002 citatur
689 1975 732 2016 p.
764 1962 818 2001 13
848 1964 870 2013 ξ
897 1962 950 2001 61
1010 1960 1161 2015 Lupus
1196 1960 1371 2002 Siculus
1401 1965 1447 2001 in
1474 1962 1684 2002 Menelao
1715 1967 1806 2001 Ira-

347 2039 536 2095 goedia3
584 2038 740 2080 deinde
774 2052 833 2079 ex
866 2052 951 2079 uno
982 2039 1066 2080 duo
1097 2037 1233 2089 fiunt,
1293 2040 1478 2094 primum
1508 2054 1551 2094 p.
1580 2040 1634 2079 13
1675 2041 1697 2090 ξ
1727 2039 1806 2079 62:

357 2117 543 2166 Quintus
578 2117 831 2159 Trinacrius
863 2122 1067 2170 usurpat,
1123 2122 1172 2157 ut
1203 2120 1249 2156 iu
1282 2117 1466 2167 Perseo,
1530 2125 1621 2157 tum
1654 2116 1806 2158 eadem

350 2197 514 2252 pagina
552 2198 575 2247 ᾖ
609 2196 688 2236 64;
754 2193 832 2235 Sic
864 2194 986 2236 illam
1020 2194 1073 2234 de
1116 2207 1162 2233 se
1203 2199 1247 2233 et
1275 2207 1422 2234 sorore
1457 2194 1664 2234 ulcionem
1697 2197 1806 2235 scri-

342 2278 440 2330 psit
468 2273 619 2328 Lupus
649 2272 843 2313 Anilius.
933 2272 1056 2313 Idem
1085 2271 1240 2312 scribit
1277 2275 1323 2312 in
1352 2271 1521 2312 Helene
1560 2271 1804 2326 tragoedia.

351 2352 561 2394 Proximo
596 2349 745 2392 Ovidii
779 2363 907 2391 versu
938 2350 1093 2391 dicitur
1124 2349 1280 2405 aliquis
1309 2348 1542 2391 Maeoniam
1575 2349 1805 2395 Phaeacida

351 2431 560 2481 vertisse,
593 2443 719 2485 quem
749 2427 1012 2469 Tuticanum
1041 2442 1161 2480 esse,
1201 2442 1260 2468 ex
1287 2428 1413 2484 epist.
1442 2427 1572 2468 huius
1601 2426 1705 2469 libri
1734 2429 1804 2480 12,

350 2510 407 2550 27
445 2507 720 2563 intelligitur.
808 2507 925 2548 Fieri
957 2515 1100 2548 tamen
1133 2515 1303 2562 potest,
1367 2514 1413 2546 ut
1457 2505 1558 2548 hinc
1590 2514 1716 2547 natus
1748 2507 1805 2547 sit

350 2587 570 2629 inauditus
596 2584 673 2627 ille
704 2583 759 2627 Τ.
790 2583 974 2635 Verax3
1012 2586 1292 2642 interpretem
1325 2583 1499 2627 videtur
1531 2584 1646 2627 hunc
1673 2584 1802 2626 homo

382 2828 420 2871 ¹)
449 2827 525 2863 cfr.
551 2839 586 2872 p.
620 2828 644 2863 7
671 2829 692 2870 s
716 2827 771 2861 1⁴.

1964 2657 1981 2714 ν’*
