1981 3390
1453 248 1553 297 353

173 378 258 406 non
290 373 434 420 potest
465 364 517 406 de
551 361 886 416 interpolatione
918 359 1132 414 dubitari,
1173 375 1301 418 qnam
1334 366 1377 405 in
1412 368 1503 407 cod.
1537 367 1621 411 La-

170 456 286 496 gom.
330 444 386 482 42
424 439 612 482 secunda
652 451 805 479 manus
848 437 1036 479 induxit.
1111 438 1167 479 Et
1206 440 1387 482 idoneus
1427 446 1622 485 vinceret

170 518 282 558 nibil
315 526 395 559 est.
472 515 584 557 Nam
618 515 799 556 idoneus
831 524 996 569 spectat
1025 515 1079 556 ad
1110 530 1186 566 ea,
1219 531 1312 572 quae
1341 519 1386 559 in
1418 529 1619 562 senatore

167 593 340 649 legibus
370 591 724 647 requirebantur3
758 607 809 633 ea
838 595 883 633 in
916 593 1090 633 homine
1116 607 1202 634 non
1232 603 1369 645 erant,
1401 604 1443 636 et
1473 604 1617 638 tamen

166 678 341 710 senator
373 667 518 709 fiebat.
577 668 832 723 Legendum
865 671 998 725 igitur
1027 678 1154 725 puto,
1183 685 1268 712 una
1292 671 1421 714 litera
1453 682 1618 715 mutata

165 748 210 787 in
230 747 488 801 optimorum
508 745 700 787 codicum
723 748 934 801 scriptura
948 776 959 796 ,
989 747 1166 788 idoneos
1186 752 1390 789 vinceret.
1453 748 1615 792 Mendo

166 823 388 864 inductum
419 825 734 864 nominativum
766 825 951 877 primum
968 821 1109 871 fieret
1136 833 1328 866 secutum
1362 834 1440 876 est,
1473 829 1616 881 aptius

167 899 428 940 vocabulum
464 914 590 955 quam
620 904 839 949 vinceret,
878 900 1059 949 deinde,
1090 909 1137 940 ut
1171 900 1305 941 verba
1340 904 1517 953 coirent,
1552 911 1614 945 ut.

285 977 357 1017 Ex
390 978 518 1017 tertio
552 975 665 1016 libro
700 989 810 1015 unus
844 975 914 1016 hic
943 976 1343 1016 commemorandus
1376 986 1442 1018 est
1475 978 1612 1029 locus,

165 1067 250 1093 non
282 1061 368 1094 tam
399 1061 445 1093 ut
475 1053 621 1107 magni
647 1052 700 1091 ad
729 1052 987 1092 sententiam
1014 1055 1220 1093 momenti
1251 1055 1494 1096 emendatio
1520 1065 1611 1098 ten-

162 1137 301 1180 tetur,
335 1143 461 1184 quam
496 1138 542 1168 ut
574 1136 673 1184 apta
705 1130 912 1168 orationis
936 1129 1076 1169 forma
1107 1131 1359 1171 restituatur
1393 1140 1435 1172 et
1467 1133 1611 1184 simul,

163 1220 290 1261 quam
324 1208 380 1246 sit
412 1206 606 1247 codicum
637 1207 838 1260 vestigiis
871 1204 1031 1260 ubique
1062 1207 1348 1248 insistendum
1379 1209 1424 1248 in
1454 1209 1609 1251 tollen-

161 1282 228 1322 dis
259 1283 450 1334 mendis,
494 1297 587 1338 quae
627 1283 931 1338 interpolando
964 1282 1178 1323 occultata
1217 1292 1339 1334 sunt,
1384 1299 1499 1326 novo
1526 1301 1611 1327 ex-

162 1358 306 1413 emplo
337 1360 601 1401 ostendatur.
658 1359 768 1400 Nam
793 1375 829 1400 c.
854 1361 935 1410 24,
963 1361 1019 1399 60
1035 1360 1197 1400 editur:
1225 1364 1374 1415 Atque
1394 1361 1447 1402 ab
1464 1363 1608 1416 Apro-

161 1439 261 1485 m'o,
289 1435 479 1487 iudices,
509 1436 678 1477 homine
712 1441 759 1476 in
793 1436 1003 1476 dedecore
1035 1443 1160 1487 nato,
1204 1460 1258 1468 —
1303 1443 1487 1493 equitem
1520 1441 1608 1480 Ro·

160 1525 329 1552 manum
359 1517 514 1553 scitote
546 1513 718 1554 biduum
751 1513 844 1553 cibo
878 1519 1076 1567 tectoque
1091 1513 1356 1568 prohibitum
1376 1524 1457 1556 etc.
1519 1517 1608 1558 Res

158 1590 245 1629 iam
272 1591 351 1639 iis,
391 1603 484 1643 quae
513 1591 714 1644 proxime
748 1591 1031 1640 antecedunt,
1073 1590 1264 1632 breviter
1296 1592 1609 1646 comprehensa

158 1674 252 1707 erat
293 1665 543 1716 (Leontinis
585 1670 632 1706 in
670 1666 844 1720 publico
891 1666 1063 1707 biduum
1102 1671 1287 1720 temce'l),·
1333 1669 1410 1715 sed
1449 1671 1608 1724 repetit

157 1742 273 1784 idem
302 1751 472 1793 orator,
504 1752 551 1783 ut
580 1742 856 1797 gravioribus
886 1742 1032 1784 verbis
1058 1752 1100 1783 et
1129 1743 1301 1797 plenius
1323 1760 1369 1785 re
1391 1746 1606 1800 descripta

156 1819 491 1875 hominibusque
523 1822 682 1860 notatis
712 1820 905 1870 dicatur,
938 1820 1078 1879 qualis
1113 1819 1229 1875 quali
1261 1823 1464 1863 iniuriam
1495 1831 1606 1864 attu-

155 1897 271 1938 lerit.
335 1897 453 1952 Ergo
481 1903 611 1951 alque
635 1911 746 1947 non,
791 1905 837 1936 ut
868 1896 1095 1950 Zumptius
1125 1899 1207 1947 ait,
1250 1906 1393 1951 potest
1434 1899 1605 1950 abesse,

157 1974 232 2014 sed
263 1972 392 2013 debet
419 1987 597 2027 prorsus
630 1975 673 2013 in
707 1972 785 2013 tali
818 1974 970 2013 forma.
1028 1972 1198 2012 Deinde
1231 1975 1275 2013 in
1308 1973 1388 2014 hac
1417 1974 1604 2029 Apronii

156 2063 350 2105 personae
384 2051 604 2090 notatione
636 2049 764 2103 plene
798 2051 945 2105 utique
987 2049 1268 2102 appellandus
1310 2059 1400 2101 est,
1443 2051 1602 2102 addito,

157 2135 204 2166 ut
236 2140 406 2179 semper
443 2127 486 2166 in
533 2126 780 2166 huiusmodi
825 2128 1021 2166 oratione
1055 2125 1128 2175 fit,
1176 2128 1453 2180 praenomine.
1510 2128 1603 2170 Iam

159 2203 212 2244 ab
243 2205 489 2258 praepositio
520 2202 644 2243 abest
675 2218 699 2244 a
729 2202 972 2258 plerisque,
1015 2205 1053 2243 si
1084 2217 1168 2243 non
1205 2202 1429 2254 omnibus,
1464 2206 1603 2256 codd„

156 2281 287 2320 etiam
322 2282 462 2320 minus
495 2279 620 2320 bonis
654 2281 854 2336 (Lagom.
888 2288 1068 2335 septem,
1098 2280 1350 2333 Pal-isinis);
1383 2281 1427 2320 in
1457 2281 1603 2336 Atque

153 2357 352 2411 Apronio
369 2356 653 2410 latetipsum:
685 2357 727 2397 A
756 2355 805 2404 Q.
824 2358 1038 2410 Apronio,
1068 2357 1429 2412 pervagatissimo
1447 2359 1601 2399 mendo

153 2442 425 2488 corruptum3
467 2432 640 2474 conficit
670 2448 760 2475 rem
789 2434 994 2476 Vaticani
1024 2434 1176 2476 eodem
1207 2434 1367 2476 ducens
1399 2435 1600 2476 mendum

158 2508 250 2558 Quo
282 2511 480 2564 Apronio
501 2508 555 2565 ¹).

183 2706 221 2749 ¹)
248 2705 356 2749 Quod
384 2704 580 2750 zumptius
607 2718 650 2741 eo
674 2719 714 2742 sc
738 2707 794 2742 uti
819 2718 926 2753 posse
961 2713 1098 2755 negat,
1137 2709 1209 2744 nisi
1234 2708 1280 2743 ad
1308 2705 1600 2741 confirmandam

245 2766 403 2810 Lagom.
438 2764 484 2799 29
517 2766 764 2811 scripturam,
814 2772 982 2802 erratum
1019 2780 1097 2803 csse
1134 2772 1281 2814 oportet
1315 2768 1352 2801 in
1387 2770 1496 2807 nota,
1535 2765 1601 2799 ubi

243 2824 357 2860 huius
383 2825 521 2861 codicia
545 2827 732 2872 scriptura
755 2839 828 2864 non
852 2827 1049 2866 indicatur.

1294 2896 1341 2931 23
