1981 3390
1465 255 1561 302 2Ιό

298 378 388 419 lain
431 380 468 418 si
514 375 706 428 exempli
745 389 875 416 causa
920 388 1002 414 una
1042 376 1186 428 aliqua
1231 387 1308 412 nec
1352 388 1483 425 parva
1528 390 1624 427 pai-³

180 457 450 510 antiquitatis
482 453 688 494 Romanae
733 451 994 492 nominanda
1034 462 1126 500 est,
1167 451 1288 490 cuius
1330 451 1520 504 cognitio
1564 452 1624 490 ita

180 533 467 574 recentiorum
497 528 865 582 disputationibus
892 528 1039 568 adiuta
1064 529 1135 578 sit,
1167 536 1211 567 ut
1235 536 1378 567 tamen
1402 535 1444 566 et
1462 535 1624 567 restent

181 623 266 650 non
296 621 433 662 pauca
460 607 690 661 quaerenda
726 614 768 648 et
801 607 1006 646 universa
1046 606 1110 646 rei
1148 603 1410 659 explicatio,
1441 602 1626 644 sublatis

181 684 441 727 abolitarum
475 685 727 738 opinionum
770 683 990 738 reliquiis,
1037 683 1163 723 novis
1203 682 1392 721 inventis
1432 682 1545 721 inter
1580 693 1626 721 se

181 762 424 804 conciliatis
463 770 506 801 et
544 760 844 816 amplificatis,
887 762 1010 815 quasi
1043 758 1339 814 componenda
1368 760 1448 808 sit,
1480 771 1627 798 occur-

158 836 238 882 ‘rit
270 841 364 892 ipsa
393 840 565 893 imperii
593 838 777 880 Romani
811 837 891 878 sub
924 839 1051 877 unius
1077 835 1228 891 populi
1257 836 1502 883 dominatu,
1537 848 1627 874 ser-

183 926 284 959 vato
315 917 501 971 partium
532 915 807 964 discrimine,
851 914 1133 955 coalescentis
1167 912 1510 967 conglutinatio,
1553 912 1626 950 ho-

179 996 428 1048 minumque
458 1000 500 1033 et
529 991 752 1042 locorum,
781 989 936 1046 quibus
965 991 1008 1030 id
1042 987 1292 1038 constabat,
1325 988 1498 1028 diversa
1529 1000 1626 1027 con-

179 1070 292 1111 dicio
321 1078 365 1111 et
396 1071 479 1110 ius.

292 1145 436 1187 Huius
467 1146 583 1197 loci,
619 1160 745 1201 quem
775 1154 873 1200 post
902 1144 1150 1186 Manutium
1182 1152 1225 1184 et
1252 1143 1479 1196 Sigonium
1513 1154 1627 1181 cont-

178 1222 467 1278 prehenderat
499 1224 788 1277 Spanhemius
819 1225 882 1273 (in
911 1222 1041 1272 libro,
1069 1236 1196 1277 quem
1225 1219 1365 1261 orbem
1389 1220 1627 1259 Romanum

179 1301 416 1355 inscripsit)
433 1299 489 1355 ¹),
541 1301 651 1342 alias
680 1309 825 1355 partes
861 1300 1099 1354 Saviguius
1131 1299 1333 1338 tractavit
1366 1304 1407 1336 et
1440 1308 1627 1336 commu-

182 1378 308 1427 tavit,
340 1378 447 1418 iuris
470 1377 588 1418 Latii
618 1386 660 1418 et
689 1379 797 1417 iuris
829 1375 970 1416 Italici
1001 1377 1176 1416 notione
1207 1383 1296 1414 tum
1332 1374 1463 1413 etiam
1494 1372 1629 1426 ipsius

181 1454 373 1495 civitatis
418 1455 653 1494 constituta
694 1455 960 1503 accuratius,
1010 1454 1072 1492 ita
1115 1460 1284 1501 tamen,
1325 1459 1371 1490 ut
1410 1449 1629 1490 inferioris·

182 1532 323 1571 aetatis
354 1531 553 1572 instituta
584 1531 675 1571 fere
706 1532 943 1585 respiceret
962 1531 1020 1580 2),
1052 1528 1161 1568 alias
1184 1526 1467 1576 Niebuhrius,
1500 1539 1629 1580 quum

179 1607 233 1648 de
284 1607 407 1648 varia
447 1608 643 1657 ratione,
692 1622 776 1662 qua
818 1607 1130 1661 antiquissimis
1185 1603 1451 1656 temporibus
1506 1616 1628 1658 pere-

181 1685 297 1741 grini
325 1682 485 1739 populo
515 1683 710 1725 Romano
741 1684 1080 1739 adiungerentur
1108 1691 1182 1723 aut
1211 1683 1255 1721 in
1289 1683 1382 1721 eius
1410 1681 1630 1721 civitatem

180 1762 490 1816 reciperentur,
513 1770 555 1802 et
578 1763 630 1802 de
655 1761 840 1803 coloniis
864 1775 1033 1816 quoque
1056 1762 1118 1801 ita
1140 1760 1388 1808 dissereret,
1423 1767 1470 1797 ut
1496 1756 1631 1798 inulta

180 1838 434 1894 expediret,
468 1838 604 1880 multa
639 1846 931 1880 commoveret
954 1839 1020 1889 ³);
1056 1838 1250 1893 quasdam
1282 1845 1427 1891 partes
1459 1837 1629 1875 intacta:

181 1924 256 1958 aut
284 1929 406 1971 paene
430 1917 602 1957 intactae
630 1924 893 1957 manserunt.
955 1898 1068 1956 Nam
1103 1916 1175 1969 qui
1212 1928 1347 1969 nuper
1371 1913 1462 1953 fere
1493 1919 1630 1950 totum

181 1989 266 2034 hoc
305 2001 607 2048 argumentum
655 1993 925 2034 tractandum
968 1993 1151 2045 sumpsit
1170 1993 1239 2042 4),
1290 2002 1441 2044 parum
1492 1987 1545 2027 ad
1590 1987 1631 2026 id

211 2122 249 2165 ²)
275 2120 446 2155 Trekelli
465 2120 690 2154 selectarum
717 2120 981 2164 Antiquitatum
1000 2119 1243 2152 Romanarum
1259 2128 1348 2160 pars
1361 2116 1483 2161 prima
1507 2115 1634 2158 (1741)

277 2181 408 2222 eodem
435 2181 617 2226 pertinet,
648 2186 825 2216 accurate
849 2180 1009 2225 scripta,
1038 2180 1102 2213 sed
1132 2179 1166 2212 in
1197 2178 1341 2212 minuta
1366 2178 1529 2212 aliorum
1555 2177 1635 2221 opi-

278 2241 432 2276 nionum
456 2241 685 2275 refutatione
714 2245 751 2276 et
774 2240 1039 2275 additamentis
1066 2240 1224 2273 exilibus
1249 2236 1360 2273 nimis
1385 2236 1539 2268 haerens·

209 2302 250 2346 ²)
275 2303 316 2336 ln
337 2301 739 2343 commentationibus,
766 2312 857 2347 quas
881 2300 1070 2345 inscripsit
1098 2299 1210 2332 [eber
1236 2299 1293 2330 dfe
1316 2294 1548 2338 Entstelmng
1573 2294 1635 2326 cler

276 2361 462 2395 Latinitcit
485 2362 554 2405 {als
590 2362 686 2395 eines
726 2363 876 2406 eigenen
909 2361 1065 2394 Standcs
1100 2359 1146 2391 im
1185 2358 1402 2391 Ro'misclzen
1436 2354 1565 2389 Stante
1601 2359 1651 2405 ct·

282 2421 399 2455 Ueber
433 2422 501 2455 das
536 2422 593 2456 ius
634 2421 805 2456 Italicum
843 2423 897 2463 (in
937 2421 1085 2465 scriptis
1114 2419 1226 2453 Acad.
1256 2418 1383 2451 Berol.
1411 2420 1447 2450 ct
1472 2415 1509 2449 in
1537 2415 1636 2448 Zeit-

278 2482 416 2517 schrift
450 2484 475 2516 f.
514 2483 813 2528 geschichtliche
846 2480 1086 2516 Rechtswiss.
1125 2481 1168 2520 V,
1202 2478 1256 2521 2).
1324 2477 1411 2512 Alia
1445 2476 1571 2521 attigit
1600 2475 1633 2508 in

276 2542 364 2577 hiet.
395 2543 467 2577 iur.
498 2544 611 2577 Rom.
637 2555 703 2588 per
731 2543 898 2577 medium
922 2553 1043 2576 aevum
1067 2541 1149 2574 vol.
1178 2541 1206 2574 1.

214 2603 251 2645 ⁸)
275 2602 440 2637 Maxime
462 2603 500 2638 in
525 2605 686 2638 secundo
718 2605 790 2639 voi.
820 2604 907 2637 hist.
931 2604 1040 2637 Rom.
1071 2602 1128 2635 cd.
1156 2601 1189 2634 2.
1217 2613 1251 2644 p.
1280 2598 1402 2635 43—93.

209 2664 249 2708 ⁴)
276 2663 514 2698 Staatsrccht
548 2665 614 2699 der
642 2665 901 2698 Unterthanen
937 2665 1002 2697 der
1028 2664 1180 2697 Rumor.
1246 2661 1352 2695 Nach
1379 2660 1448 2692 ‹it-n
1475 2658 1633 2701 Qut-liv».

274 2723 487 2758 hearbeitet
514 2736 547 2759 v.
573 2726 602 2760 1.
631 2725 672 2759 C.
700 2727 758 2760 w.
788 2725 830 2759 A.
858 2723 1113 2769 Hopscnsack.
1169 2720 1395 2755 Diisscidors
1420 2717 1520 2751 1829.
1584 2718 1636 2750 130

276 2783 428 2820 nomino
453 2785 551 2822 cives
577 2797 722 2832 quoquc
743 2785 780 2821 in
804 2784 1018 2829 municipiis
1042 2787 1079 2819 ct-
1104 2781 1257 2819 coloniis
1285 2781 1450 2815 viventes
1467 2788 1635 2821 compre-

280 2845 421 2882 hendit.
489 2846 492 2850 ¹
