1981 3390
353 223 455 272 248

284 341 504 384 caruisse?
549 351 678 397 quum
720 342 959 396 praesertim
1000 339 1153 383 Cicero
1189 339 1322 397 paulo
1363 349 1464 382 ante
1504 341 1733 384 universos

286 420 473 474 optimos
505 419 623 460 cives
654 418 817 460 dixerit
837 421 891 470 ¹).
956 416 1050 460 Nec
1088 417 1244 459 melius
1284 432 1343 460 ex
1387 432 1463 469 eo,
1507 416 1619 473 quod
1646 417 1732 459 Dio

287 495 465 537 Cassius
495 495 668 546 (XLIII
695 510 736 550 p.
764 496 849 535 368
877 495 1032 545 Reim.)
1068 494 1283 536 Caesarem
1320 497 1365 535 in
1394 495 1608 549 Hispania
1633 493 1733 534 aliis

288 572 456 629 oppidis
486 570 746 620 πολιτείαν,
778 570 877 611 aliis
909 566 1128 618 ἀποίκους
1159 572 1249 614 τῶν
1279 567 1520 627 Ῥωμαίων
1555 570 1734 627 νομίζε-

288 653 402 693 σθαι
432 648 697 689 concessisse
729 654 901 697 narrat,
935 647 1226 701 Spanhemius
1258 647 1456 698 conficit,
1489 650 1601 689 inter
1629 649 1736 689 civi·

288 734 422 767 tatem
451 724 625 779 plenam
664 731 707 763 et
745 723 813 763 ius
844 724 1004 764 civium
1037 725 1082 763 in
1116 723 1308 764 colonias
1340 725 1618 765 deductorum
1655 724 1736 765 ali-

290 801 392 858 quid
417 801 694 850 interfuisse,
728 814 859 855 quum
887 799 1188 855 intelligantur
1221 799 1400 840 coloniae
1432 799 1615 851 Latinae,
1643 814 1737 855 quae

290 891 378 919 non
410 879 579 927 minus,
608 878 704 932 ipso
739 876 1004 931 Spanhemio
1033 878 1221 928 fatente,
1254 885 1297 918 et
1321 885 1444 917 erant
1473 884 1516 917 et
1546 876 1737 931 appella-

289 953 450 996 bantur
467 953 761 995 Romanorum
778 962 821 993 et
837 961 950 1003 tum,
980 962 1135 1009 praeter
1150 953 1387 1004 militares,
1418 952 1522 994 solae
1541 961 1663 994 erant
1679 955 1737 1006 ²),

291 1039 366 1073 aut
397 1044 457 1072 ex
488 1044 567 1081 eo,
610 1030 724 1085 quod
761 1029 930 1071 Plinius
958 1032 1004 1070 in
1037 1030 1205 1085 oppidis
1238 1032 1557 1085 provinciarum
1589 1045 1738 1072 recen-

291 1107 437 1150 sendis
467 1108 703 1162 municipia
736 1115 778 1147 et
820 1106 1014 1148 colonias
1043 1107 1292 1159 (militares)
1327 1109 1579 1162 distinguit,
1619 1108 1742 1162 oppi-

292 1184 530 1239 dorumque
571 1185 731 1225 civium
773 1183 1066 1224 Romanorum
1111 1182 1333 1238 singulare
1375 1198 1513 1238 genus
1547 1183 1740 1224 colonias

290 1261 395 1301 facit
425 1260 517 1311 (lib.
551 1260 642 1310 III,
678 1259 759 1310 IV,
793 1259 837 1301 V
875 1258 1073 1313 pluribus
1113 1258 1245 1314 locis,
1292 1259 1344 1299 de
1382 1259 1537 1314 quibus
1573 1268 1741 1313 postea,

294 1350 425 1392 quum
454 1337 508 1377 ad
540 1338 852 1390 imperatorum
886 1344 1082 1390 tempora
1112 1335 1339 1377 historiam
1372 1336 1639 1377 coloniarum
1670 1335 1744 1376 de·

293 1413 488 1464 duxero,
542 1413 681 1454 dicam
724 1415 993 1463 accuratius,
1049 1415 1252 1468 quoniam
1295 1412 1529 1454 Trekellus
1573 1426 1742 1468 quoque

293 1505 384 1533 rem
413 1489 682 1546 perturbat),
718 1503 778 1531 ex
809 1503 885 1540 eo,
918 1492 1120 1544 inquam,
1166 1489 1410 1540 concludit,
1453 1490 1646 1530 colonias
1677 1491 1743 1530 in-

293 1566 453 1607 feriore
486 1567 579 1607 iure
609 1567 761 1606 fuisse.
827 1566 877 1606 In
907 1581 990 1621 qua
1018 1581 1065 1607 re
1096 1568 1158 1606 ita
1186 1580 1232 1605 se
1263 1566 1481 1620 implicat,
1508 1574 1578 1616 ut,
1612 1580 1743 1620 quum

295 1644 506 1699 suffragio
547 1644 784 1698 antiquitus
827 1644 1017 1684 caruisse
1060 1641 1326 1683 coloniarum
1358 1644 1475 1683 cives
1516 1642 1744 1683 ostendere

295 1720 427 1771 velit,
462 1722 516 1760 iis
548 1728 693 1761 utatur
722 1703 1014 1775 argumentis,
1047 1733 1140 1774 quae
1173 1721 1210 1760 si
1242 1720 1343 1775 quid
1374 1719 1594 1770 valerent,
1625 1721 1743 1761 cives

295 1810 435 1852 neque
467 1797 603 1837 fuisse
633 1811 773 1851 neque
807 1796 1048 1852 appellatos
1083 1810 1178 1836 esse
1208 1795 1465 1851 probarent,
1515 1805 1558 1837 et
1600 1796 1654 1837 ad
1693 1811 1746 1838 ea

296 1880 491 1928 tempora
537 1873 758 1923 decurrat,
812 1872 967 1928 quibus
1023 1874 1284 1914 discriminis
1332 1875 1445 1914 inter
1487 1875 1605 1914 cives
1647 1888 1745 1915 cum

295 1950 509 2004 suffragio
551 1958 594 1990 et
631 1951 726 1991 sine
767 1950 977 2008 suffragio
1020 1950 1180 1994 dudum
1209 1951 1355 1992 omnia
1386 1951 1574 2008 vestigia
1603 1949 1746 1992 deleta

322 2146 361 2191 ⁸)
387 2146 430 2180 In
465 2148 595 2182 eodem
628 2147 713 2182 loco
741 2157 860 2193 nuper
888 2147 1102 2184 Beneckius
1127 2147 1315 2194 glossema
1349 2144 1516 2192 ineptum
1543 2145 1747 2190 (Faesutas)

386 2207 490 2240 male
517 2209 718 2242 defendere
743 2213 897 2244 conatus
923 2213 989 2244 est.
1050 2209 1163 2244 Aliud
1189 2212 1264 2250 est,
1292 2207 1411 2242 veteri
1435 2206 1588 2241 coloniae
1611 2216 1745 2241 novam

386 2268 661 2310 superaddere,
694 2268 798 2302 aliud
831 2269 946 2303 simul
982 2271 1074 2303 duas
1110 2269 1148 2302 in
1185 2269 1314 2301 eodem
1349 2267 1486 2311 oppido
1510 2265 1748 2307 constituere,

387 2327 489 2370 quod
519 2332 600 2362 erat
623 2326 850 2368 ridiculum;
888 2339 956 2360 nec
989 2329 1035 2360 de
1059 2327 1212 2360 Faesulis
1236 2327 1289 2360 ibi
1313 2327 1441 2359 Cicero
1468 2324 1658 2368 loquitur,
1683 2324 1748 2359 sed

389 2383 437 2419 de
462 2385 634 2419 universo
657 2396 795 2430 genere
830 2385 984 2419 illarum
1020 2386 1252 2419 coloniarum
1287 2395 1354 2429 per
1379 2384 1573 2418 Etruriam
1597 2395 1747 2430 sparsa-

390 2455 498 2487 rum3
522 2445 601 2490 ipse
627 2445 757 2478 cicero
785 2456 853 2489 pro
881 2445 979 2480 Mur.
1006 2444 1072 2487 21,
1100 2445 1146 2478 49
1173 2445 1365 2479 Arretinos
1392 2444 1505 2478 addit.

318 2504 362 2551 ⁸)
385 2504 509 2540 Minus
532 2509 634 2539 recte
657 2505 872 2546 Trekellus,
901 2505 964 2550 qui
987 2510 1110 2540 tamen
1134 2505 1211 2540 iam
1237 2515 1364 2538 veram
1392 2504 1579 2538 rationem
1608 2503 1748 2549 attigit,

390 2569 428 2599 et
453 2566 680 2602 Garatonius
717 2569 781 2612 (ad
808 2568 926 2601 Cicer.
956 2578 1022 2611 pro
1053 2566 1161 2599 Balb.
1188 2564 1232 2598 21
1257 2578 1292 2609 p.
1318 2565 1401 2606 200)
1427 2568 1559 2609 putant
1582 2563 1749 2610 intelligi

386 2636 515 2671 posse,
558 2629 728 2662 omnibus
768 2629 958 2662 civitatem
995 2638 1080 2660 cum
1117 2626 1297 2671 suffragio
1333 2627 1482 2665 datam,
1517 2625 1580 2658 sed
1607 2629 1648 2658 ut
1672 2625 1749 2660 aliu.

392 2686 531 2731 oppida
564 2688 770 2734 municipia
806 2691 946 2729 essent,
988 2686 1088 2727 alia,
1127 2685 1199 2720 etsi
1233 2685 1346 2719 nullis
1387 2684 1553 2720 deductis
1590 2684 1747 2725 colonis,

388 2747 562 2789 coloniae.
601 2750 713 2795 quale
754 2749 951 2787 discrimen
998 2745 1150 2783 ludendi
1196 2749 1343 2783 tautum
1388 2756 1501 2782 eausa
1535 2744 1748 2793 excogitare

391 2806 514 2846 Coesar
537 2813 695 2854 poterat.
