1981 3390
444 264 540 312 162

379 380 611 437 tem‚.quae
645 380 820 430 relicta,
856 382 1024 436 quoquo
1060 381 1185 428 inodo
1221 381 1372 421 coe'ter'a
1400 378 1644 430 mu'tantur',
1683 382 1818 435 »impes

380 462 466 510 dit,
499 473 582 514 quo
615 460 783 506 minus,
828 468 872 497 ut
904 457 998 503 fieri
1029 457 1181 508 debet,
1233 458 1285 497 ad
1319 458 1663 497 coniunctionem
1694 470 1819 510 quum

378 538 619 578 referantur
669 550 744 584 ea,
793 548 885 588 quae
937 535 1124 587 priorem
1184 542 1349 587 partem
1401 533 1568 588 periodi
1616 531 1823 573 efficiunt.

377 614 522 668 Atque
553 626 647 653 eam
690 609 947 665 particulam
998 612 1156 650 omittit
1187 611 1326 650 codex
1358 610 1623 650 Erfurtensis
1656 617 1698 649 et
1729 610 1822 663 qui-

380 691 475 729 dam
511 697 680 728 veteres
714 686 834 726 codd.
876 688 919 725 in
949 688 1144 739 margine
1177 687 1482 740 repetitionum
1511 685 1819 726 Lambiniana-

379 779 471 805 rum
494 766 547 814 ¹).
603 764 769 803 Verum
804 776 855 802 eo
883 763 1044 802 omisso
1072 763 1261 801 nondum
1292 774 1422 801 sanus
1453 771 1518 802 est
1544 762 1689 810 locus3
1725 777 1822 803 nam

381 851 549 894 tempus
582 838 1049 892 plusquamperfectum
1079 837 1296 889 (fuissem)
1330 837 1459 891 plane
1490 852 1585 878 esse
1620 838 1825 889 alienum,

385 919 467 955 iam
495 917 721 956 Ernestius
766 915 1012 965 intellexit,
1056 914 1132 954 sed
1161 913 1342 954 licenter
1373 928 1452 954 nec
1485 923 1634 968 aperta
1667 917 1826 956 erroris

384 1007 512 1033 eausa
540 1005 669 1032 essem
704 991 941 1032 substituit.
1010 991 1212 1044 Plerique
1241 978 1409 1030 codices
1437 999 1534 1045 post
1566 1000 1828 1044 semper,·ut

384 1071 595 1110 editiones
639 1077 738 1109 ante
769 1067 1008 1117 Orellium,
1047 1069 1242 1108 inserunt
1271 1066 1382 1115 sum
1422 1067 1466 1106 id
1508 1069 1718 1111 omittunt'
1740 1068 1825 1108 duo

385 1146 586 1195 Oxonn„
618 1145 789 1195 Haun.,
824 1145 925 1185 edit.
955 1159 993 1185 a.
1021 1145 1144 1193 1472,
1177 1142 1523 1198 Lambinusque3
1556 1143 1828 1192 sedfne'ssem

383 1225 585 1262 emittunt
618 1223 720 1262 edit.
753 1221 980 1270 Lambini,
1031 1221 1172 1260 codex
1202 1219 1488 1268 Dresdensis,
1521 1219 1670 1260 Oxon.
1703 1235 1829 1271 unus,

382 1299 553 1348 Haun.,
595 1299 660 1338 ed.
691 1312 729 1337 a.
757 1300 906 1347 1472„
952 1296 1194 1350 iidemque,
1229 1304 1414 1348 excepto
1450 1294 1831 1346 Oxoniensi,fui

382 1375 460 1414 add
469 1383 542 1414 unt
561 1383 657 1428 post
670 1373 1024 1423 aba'a’ce‘endormn,
1046 1387 1171 1427 quain
1187 1372 1441 1425 scripturam
1455 1371 1694 1412 Lambinus
1707 1387 1754 1413 se
1768 1387 1829 1413 ex

383 1450 600 1491 codicibus
630 1451 865 1503 sumpsisse
896 1457 1092 1490 testatur.
1155 1449 1270 1488 Satis
1289 1456 1420 1502 patet,
1453 1450 1620 1502 opinor,
1636 1449 1829 1497 ,fuissem

385 1528 533 1568 deberi
579 1526 770 1567 librariis
813 1540 936 1580 quma
988 1526 1279 1566 coniunctioni
1323 1525 1559 1579 perfectum
1604 1524 1829 1566 indicativi

386 1615 554 1657 tempus
588 1604 765 1657 adiungi
796 1616 880 1642 non
910 1601 1164 1651 ferentibus,
1196 1601 1304 1655 quod
1338 1609 1453 1641 recte
1487 1600 1550 1650 fit,
1583 1616 1709 1656 quum
1746 1615 1832 1642 non

386 1682 575 1720 narratio
611 1681 883 1729 contexitur,
930 1679 1007 1718 sed
1048 1687 1217 1732 tempus
1259 1676 1483 1718 definitum
1528 1687 1701 1719 notatur
1734 1678 1830 1734 (cfr.

387 1773 427 1797 v.
463 1772 500 1798 c.
533 1757 584 1797 de
614 1758 717 1810 imp.
752 1754 830 1795 Cn.
863 1755 1012 1809 Po'mp.
1048 1757 1098 1804 l,
1139 1756 1210 1806 2),
1240 1753 1327 1802 ful
1356 1763 1498 1794 autem
1536 1763 1632 1807 post
1670 1768 1835 1809 semper

386 1833 539 1873 iisdem
561 1831 753 1872 werham
781 1831 1096 1883 supplentibus,
1130 1832 1242 1886 quod
1271 1833 1312 1870 in
1346 1831 1425 1871 hac
1458 1840 1698 1885 temporum
1717 1846 1832 1872 com-

389 1911 614 1964 paratione
646 1911 690 1948 in
733 1908 920 1948 relativa
953 1910 1168 1948 sententia
1203 1907 1408 1962 perfacile
1442 1907 1629 1963 intelligi
1664 1917 1832 1962 poterat

390 2000 447 2026 ex
480 1987 701 2040 primaria.
777 1986 862 2026 Sed
889 1984 976 2032 fni
1017 1984 1095 2024 illo
1139 1984 1236 2024 loco
1277 1985 1522 2037 ponendum
1557 1984 1663 2024 mihi
1680 1986 1834 2025 -visum

390 2065 484 2112 est,'
501 2076 583 2117 quo
610 2059 839 2116 legebatur
863 2060 961 2100 inde
989 2059 1349 2111 ortunism'ssem‚
1383 2061 1651 2116 elegantiore
1672 2062 1834 2102 ordine.

389 2139 515 2178 Edidi
546 2140 701 2192 igitur:
740 2135 874 2184 Quum
906 2151 1021 2188 vero,
1056 2141 1254 2177 exercita
1283 2141 1452 2188 antisse,
1487 2151 1582 2191 ego,
1613 2142 1689 2191 qui
1706 2141 1835 2192 pacis

391 2221 541 2255 auctor
575 2228 751 2266 semper,
782 2219 881 2267 post
911 2213 1204 2254 Pharsalicum
1226 2215 1439 2267 proellum
1472 2228 1623 2254 suasor
1639 2213 1725 2263 feci
1755 2224 1834 2255 etc.

392 2291 535 2344 Atque
566 2290 696 2338 haec,
730 2304 814 2329 non
845 2290 992 2329 dubito
1012 2320 1023 2339 ,
1057 2293 1155 2343 quin
1189 2299 1303 2330 recta
1337 2292 1393 2329 sit
1411 2291 1560 2346 ⁸forma
1588 2292 1834 2337 sententiae3

390 2366 587 2408 relictum
623 2374 764 2405 tamen
804 2378 898 2404 esse
931 2365 1268 2404 additamentum
1310 2366 1580 2419 interpretis,
1625 2367 1834 2419 suspicari

394 2442 551 2498 aliquis
584 2443 744 2496 possit3
788 2456 885 2482 nam
922 2442 966 2480 in
1006 2439 1096 2480 illis
1133 2445 1286 2481 (mn’sso
1322 2444 1522 2481 exercitu
1556 2450 1598 2481 et
1629 2448 1731 2495 pose
1759 2442 1834 2482 I’lc.

420 2603 457 2645 ¹)
484 2600 629 2635 Codicis
669 2600 771 2640 Erf.‚
808 2599 843 2633 in
880 2599 1067 2644 prioribus
1102 2599 1337 2644 perturbati,
1377 2599 1414 2633 in
1440 2600 1563 2634 verbis
1594 2605 1682 2644 post
1715 2601 1834 2635 Phar-

484 2662 635 2695 salicum
670 2665 736 2694 etc.
774 2672 843 2693 non
870 2660 992 2693 minor
1027 2664 1080 2693 est
1113 2660 1337 2700 auctoritas,
1376 2671 1487 2704 quam
1521 2661 1558 2694 in
1594 2661 1739 2705 reliqua
1763 2662 1835 2696 hac,

485 2721 664 2755 oratione.
734 2721 773 2753 In
809 2732 850 2752 co
877 2720 1037 2765 legitur:
1080 2719 1193 2760 Quum
1220 2731 1302 2752 vcro
1329 2721 1487 2754 exercitu
1512 2721 1643 2753 amisso
1668 2726 1702 2754 ct
1731 2723 1834 2764 cupi-

466 2781 602 2813 *dicate
640 2778 857 2825 (repetitum
894 2780 963 2813 hoc
1001 2791 1042 2814 ex
1077 2779 1271 2825 superiore
1306 2782 1434 2824 versu)
1465 2785 1551 2825 post
1577 2780 1833 2816 Pharsalicum

486 2840 669 2883 proelium.
