1981 3390
168 414 314 457 topero
356 401 664 443 humanitatem
706 397 854 454 legum
897 411 1071 439 suarum
1115 396 1359 449 extollant,
1402 399 1616 443 damnatis

168 480 350 521 exilium
380 479 731 535 permittentium.
816 476 925 526 Sed,
967 485 1013 516 ut
1046 490 1137 516 rem
1167 477 1305 530 ipsam
1336 477 1616 531 attingamus,

167 561 296 613 quuin
328 557 409 597 hoc
440 553 640 594 Ciceroni
671 553 926 603 obiiciatur,
969 554 1082 608 quod
1121 567 1206 594 non
1246 561 1428 594 mortem
1471 553 1612 594 exilio

162 633 418 688 praetulerit,
451 633 575 685 isque
607 631 837 681 defendat,
869 645 915 671 se
945 645 1029 671 non
1063 640 1242 672 mortem
1274 632 1495 682 timuisse,
1525 645 1612 671 non

161 719 303 766 potest
335 723 439 751 sane
484 709 657 758 dicere,
704 709 740 748 si
777 709 947 763 quidem
979 708 1247 750 considerate
1289 708 1415 759 dicit,
1455 707 1539 748 sibi
1568 709 1612 748 in

162 775 293 829 rebus
323 787 504 842 agendis
540 785 726 826 exilium
767 785 822 826 ob
854 784 1002 825 oculos
1037 794 1254 826 versatum
1286 799 1364 826 nec
1395 793 1538 826 tamen
1567 799 1615 826 se

164 873 280 905 metu
297 863 583 904 debilitatum.
646 862 800 903 Omnis
821 870 886 903 est
905 864 1020 903 enim
1036 876 1175 903 sermo
1194 862 1247 902 de
1273 864 1424 903 mortis
1445 864 1615 913 timore,

163 942 342 996 ipsaque
384 954 498 981 mors
544 948 586 980 et
628 939 813 980 exilium
857 941 900 980 in
945 940 1266 994 comparatione
1316 940 1458 993 posita
1499 947 1614 979 sunt.

162 1017 282 1059 Vere
327 1019 462 1073 igitur
500 1015 716 1056 Malloi-us
754 1014 885 1055 scribi
933 1015 1045 1056 vult:
1088 1028 1174 1055 non
1211 1013 1319 1055 mihi
1347 1028 1481 1064 mors,
1527 1028 1614 1055 non

164 1098 373 1143 exitium,
414 1102 462 1133 ut
498 1094 676 1147 gravius
720 1091 982 1134 vocabulum
1022 1091 1258 1147 vulgatior-i
1301 1092 1615 1147 superaddatur

161 1173 206 1212 in
236 1171 387 1212 eadem
420 1185 482 1212 re.

285 1246 334 1288 C.
358 1249 432 1298 22,
459 1249 514 1288 50
540 1248 674 1287 miror
702 1245 899 1287 relictum
929 1244 983 1286 ab
1015 1244 1184 1287 Orellio
1215 1245 1616 1286 manifestissimum

164 1325 526 1366 additamentum:
574 1325 813 1377 exemplum
843 1327 913 1364 rei
934 1322 1121 1377 publt'cae
1154 1322 1465 1372 defenclendoe‚
1500 1322 1615 1377 quod

161 1402 367 1457 languide
401 1401 591 1442 adhaeret
622 1410 664 1441 et
697 1401 935 1441 orationem
977 1401 1141 1451 tardat,
1179 1399 1357 1454 illepide
1397 1399 1616 1454 duplicata

163 1479 484 1534 appellatione3
536 1480 664 1519 nimis
709 1487 920 1531 praeterea
972 1487 1101 1518 tenue
1149 1465 1460 1526 defendendae3
1512 1490 1612 1516 nam

162 1556 440 1597 defendendae
475 1555 724 1608 reipublicae
765 1571 789 1596 a
819 1555 966 1596 multis
999 1553 1250 1607 exemplum
1284 1555 1396 1594 sumi
1429 1561 1615 1608 poterat,

161 1632 494 1682 conservandae,
520 1640 567 1671 ut
600 1634 622 1681 ᾖ
652 1633 708 1672 49
740 1632 878 1681 dixit,
912 1631 964 1673 ab
1001 1646 1080 1681 eo,
1111 1633 1184 1686 qui
1217 1630 1299 1671 sibi
1336 1632 1411 1670 uni
1440 1643 1613 1670 conser-

160 1718 272 1751 vatae
305 1710 601 1749 testimonium
630 1707 775 1749 datum
811 1707 1080 1764 gloriabatur
1113 1709 1176 1759 (in
1207 1706 1303 1748 Cat.
1333 1706 1415 1758 IV,
1448 1709 1527 1757 10,
1559 1708 1616 1747 20

163 1796 204 1827 et
238 1784 379 1836 alibi).
444 1785 498 1825 Et
538 1786 741 1826 omittunt
769 1785 848 1826 illa
882 1785 1017 1826 verba
1056 1785 1225 1825 codices
1265 1784 1429 1834 Paris„
1469 1782 1616 1833 Bern.,

164 1871 366 1919 quattuor
385 1861 684 1911 OxonienseS,
718 1861 800 1903 hoc
829 1871 894 1902 est
924 1872 1074 1903 omnes
1104 1852 1191 1901 tres
1222 1860 1416 1900 familiae.
1475 1859 1614 1914 Origo

165 1950 310 1982 autem
342 1939 602 1994 perspicitur
628 1952 684 1978 ex
719 1938 808 1979 Ox.
835 1937 890 1988 T,
925 1940 968 1978 in
996 1951 1079 1992 quo
1114 1937 1346 1977 omittitur:
1375 1936 1616 1989 exemplum

148 2018 270 2067 fidei
292 2016 488 2071 puble'coe,
522 2017 617 2055 istis
656 2015 707 2056 ad
742 2015 1009 2055 sarciendum
1042 2014 1256 2055 defectum
1288 2011 1534 2052 substitutis
1558 2014 1615 2062 ¹).

161 2094 300 2137 Paulo
330 2102 426 2149 post
452 2107 486 2134 c.
517 2093 586 2142 23,
614 2093 670 2132 52
702 2107 779 2147 pro
810 2106 1023 2147 nunquam
1055 2095 1192 2140 em'm,
1222 2090 1336 2144 quod
1367 2098 1613 2144 corruptum

163 2181 251 2222 est,
299 2171 569 2225 aptissimum
618 2179 733 2210 certe
787 2171 868 2210 erit
913 2168 1147 2223 Nunquam
1191 2167 1390 2221 denique.
1456 2166 1613 2208 Paucis

162 2247 308 2289 verbis
341 2256 440 2288 ante
481 2246 635 2288 melior
679 2255 744 2288 est
781 2248 940 2288 codicis
971 2247 1070 2288 Par.
1111 2245 1215 2286 ordo
1257 2257 1375 2284 suum
1409 2249 1614 2284 terrorem

163 2327 260 2380 (pro
291 2331 498 2365 terrorem
531 2328 688 2376 suum).

282 2401 333 2443 In
363 2415 398 2443 c.
420 2403 492 2452 24,
522 2402 579 2442 54
609 2402 662 2442 ad
695 2402 881 2457 vestigia
914 2400 1109 2441 codicum
1137 2412 1224 2439 non
1255 2396 1615 2453 interpolatorum

186 2575 225 2617 ³)
250 2575 372 2608 Paulo
404 2578 491 2609 ante
514 2575 614 2610 nihil·
635 2576 769 2610 melius
794 2574 944 2620 reperio
969 2573 1200 2620 Pantagatlii
1233 2572 1469 2607 coniectura=
1509 2575 1544 2604 et
1568 2571 1617 2603 acl

254 2634 462 2676 reipublicae
493 2637 641 2677 sutum3
676 2641 730 2671 est
763 2641 889 2671 tamen
918 2648 991 2671 non
1029 2635 1167 2670 unitate
1193 2634 1334 2667 dictum
1362 2635 1399 2664 et
1423 2631 1469 2664 de
1493 2629 1617 2663 Mario

255 2693 365 2726 nimis
393 2695 528 2728 durum
561 2696 733 2738 videtur-3
765 2701 886 2741 neque
919 2697 1019 2731 enim
1054 2699 1176 2742 potest
1212 2690 1412 2737 explicari:
1450 2687 1617 2733 ‘’qualis-

258 2765 403 2797 cunque
429 2754 577 2787 tandem
602 2755 752 2790 futurus
778 2760 873 2790 esset
897 2768 1024 2791 rerum
1051 2760 1226 2795 eventus,
1261 2752 1388 2785 vivere
1416 2747 1617 2782 decret-113⁵

257 2813 318 2855 (ld
344 2816 459 2846 essetz
499 2814 548 2846 ad
581 2825 716 2848 omnem
748 2816 955 2859 reipublicae
983 2816 1204 2858 fortunam).
1254 2812 1342 2847 Eut:
1381 2809 1451 2844 ”nd
1489 2806 1616 2854 perni-

255 2872 351 2908 cicm
375 2872 626 2918 respublica-P
673 2875 744 2912 Sed
774 2876 846 2912 hoc
872 2876 1041 2912 nimium.
