1981 3390
1422 216 1518 266 521

142 341 317 377 iecturae
360 336 553 377 efficiunt
599 334 949 375 observationem
982 334 1277 385 interiectam,
1322 335 1429 376 nihil
1461 337 1591 391 perti-

143 423 316 455 nentem
345 415 397 454 ad
418 423 522 454 ‘rem
557 420 600 452 et
630 412 1012 466 interrogationem
1047 413 1335 465 propositarum
1368 412 1593 453 Garatonii

142 495 350 546 praeterea
377 490 668 530 nominativos
697 487 823 528 babet
849 487 1072 528 absolutos
1104 503 1188 528 non
1215 487 1429 529 ferendos.
1489 489 1593 529 Om-

141 570 244 608 nino
276 567 354 608 illa
384 567 544 606 domini
579 574 620 605 et
651 567 886 606 amicorum
921 567 1080 606 mentio
1110 566 1209 606 hinc
1240 579 1418 618 prorsus
1449 565 1593 607 aliena

143 653 222 685 est.
285 643 395 684 Nam
432 645 636 683 universe
676 628 941 697 interrogat,
983 656 1083 683 num
1119 643 1332 684 eiusmodi
1366 643 1593 698 epularum

143 735 330 772 morem,
363 735 447 760 non
480 722 551 775 qui
578 721 631 760 ad
662 721 882 760 dominum
913 728 956 760 et
989 722 1174 771 amicos,
1205 720 1279 760 sed
1313 722 1385 776 qui
1423 721 1472 761 ad
1506 735 1596 762 om-

143 813 219 839 nes
251 808 293 838 et
326 799 378 838 ad
414 800 553 852 ipsum
587 797 813 838 Vatinium
847 798 1107 852 pertineret,
1150 811 1234 837 non
1270 811 1327 837 ex
1358 798 1411 837 iis
1442 797 1595 838 saltem

145 875 286 930 epulis
317 882 570 928 cognosset,
605 873 760 928 quibus
805 888 942 928 nuper
982 873 1266 913 interfuisset.
1324 873 1426 914 Alio
1470 875 1595 915 modo

144 967 275 1008 supra
300 952 508 1007 augeudae
534 952 598 990 rei
629 964 757 990 causa
787 952 929 1005 ipsum
960 949 1015 999 Q.
1037 949 1212 990 Arrium
1239 949 1429 991 albatum
1459 951 1595 994 fnisse

143 1031 331 1070 dixerat.
395 1027 565 1069 Deinde
598 1026 708 1067 hanc
738 1028 1124 1082 interrogationem
1157 1029 1356 1082 proxime
1390 1029 1598 1082 excipere

142 1106 220 1147 illa
262 1106 401 1146 altera
445 1103 595 1145 debet:
646 1116 741 1158 quoe
777 1109 821 1144 te
855 1112 963 1155 etc.,
1004 1106 1138 1160 spreti
1181 1119 1206 1145 a
1240 1104 1420 1145 Vatinio
1465 1106 1598 1145 moris

142 1183 526 1238 reprehensionem
558 1181 735 1222 habens.
808 1181 1023 1236 Quicquid
1059 1170 1343 1231 interiicitur,
1381 1181 1601 1222 cohaeren-

145 1262 247 1300 tiam
287 1261 496 1300 orationis
529 1258 687 1299 turbat.
767 1258 918 1313 Itaque
953 1261 1098 1300 omnia
1134 1268 1252 1300 recta
1287 1266 1436 1308 erunt,
1466 1260 1502 1298 si
1536 1260 1599 1298 sic

145 1339 304 1391 scripta
336 1337 516 1377 fuerint:
558 1334 689 1383 Quem
723 1335 975 1377 accumbere
1004 1342 1190 1376 atratum
1223 1335 1426 1377 videras?
1498 1334 1599 1382 (lnce

147 1420 190 1454 te
219 1420 343 1454 {tutta
369 1417 509 1454 temte'l
540 1417 752 1463 amentia,
785 1419 852 1463 ut,
886 1417 976 1453 nise·
1003 1413 1052 1454 id
1066 1412 1259 1462 fecisses
1290 1422 1370 1453 etc.
1394 1412 1447 1465 ¹).
1506 1410 1601 1453 Neo

146 1489 324 1540 dubito,
359 1492 459 1545 quin
486 1490 578 1540 illa,
613 1505 706 1546 quae
739 1492 997 1545 interposita
1027 1499 1142 1539 sunt,
1175 1491 1216 1529 in
1250 1489 1341 1530 cod.
1368 1489 1601 1543 archetypo

145 1583 205 1610 ex
239 1569 519 1609 annotatione
565 1567 795 1620 marginali
831 1581 1009 1622 prorsus
1054 1567 1246 1607 eiusdem
1290 1567 1464 1621 generis
1508 1574 1604 1606 orta

147 1648 260 1696 sint,
299 1647 420 1686 cuins
450 1645 532 1685 fuit
563 1644 642 1684 illa
670 1645 714 1684 in
747 1652 854 1684 orat.
887 1658 965 1697 pro
999 1644 1114 1685 sest.
1145 1644 1226 1693 64,
1270 1644 1377 1693 134,
1419 1644 1462 1683 in
1502 1656 1603 1682 con-

147 1732 318 1764 textum
360 1730 557 1774 recepta,
601 1735 655 1761 ne
697 1735 952 1773 responsum
996 1721 1195 1761 deesset„
1253 1718 1416 1759 Eadem
1458 1726 1603 1759 autem

147 1801 336 1855 vestigia
371 1801 412 1839 in
444 1797 642 1853 pluribus
677 1797 786 1837 locis
827 1799 1094 1837 recurrentia
1127 1805 1264 1837 totum
1299 1795 1380 1836 hoc
1413 1796 1603 1850 disputa-

147 1878 278 1918 tionis
313 1891 450 1932 genus
482 1875 609 1916 valde
643 1873 914 1915 confirmant.

270 1953 374 2008 Cap.
410 1955 489 2003 14,
519 1954 597 2002 33,
632 1951 707 1992 ubi
739 1951 903 1991 editur:
943 1963 1035 1989 cum
1079 1950 1331 1989 clariss-[mis
1364 1950 1472 1988 viris
1503 1960 1604 1987 cmc-

147 2045 238 2072 mm
269 2037 384 2071 tuam
428 2044 520 2070 esse
558 2033 854 2077 coniunctam,
897 2041 1027 2081 quum
1069 2025 1205 2066 codex
1236 2024 1496 2066 parisiensis
1529 2023 1605 2063 ha-

150 2107 272 2149 beat:
313 2121 405 2148 cum
437 2109 673 2147 clarissima·
710 2109 800 2145 υιϊι·
833 2117 1004 2143 causam
1036 2109 1153 2143 tuum
1188 2101 1318 2158 (quod
1359 2093 1401 2142 et
1434 2098 1603 2141 Guliel-

149 2199 266 2226 mum
299 2186 343 2224 in
377 2184 470 2224 cod.
504 2185 548 2224 S.
594 2183 707 2224 Vict.
748 2182 909 2221 vidisse
951 2188 1054 2234 puto
1090 2187 1132 2219 et
1174 2180 1216 2219 in
1258 2177 1465 2219 Bernensi
1502 2177 1607 2216 scri-

149 2271 270 2316 ptum
320 2258 450 2313 esse,)
495 2273 621 2299 nemo
662 2257 791 2298 facile
832 2256 1071 2306 dubitabit,
1116 2257 1216 2310 quin
1262 2253 1393 2295 scribi
1426 2252 1607 2294 debeat:

154 2352 245 2378 cnm
285 2339 519 2378 clarissima·
549 2339 638 2376 υίνί
668 2348 801 2375 causa
840 2340 956 2374 tuam
987 2347 1078 2373 esse
1119 2336 1405 2372 conium-lane.
1462 2329 1606 2372 Unum

154 2414 370 2456 Caesarem
401 2412 645 2469 signifieat,
680 2410 901 2452 consulem
934 2425 958 2451 a
987 2410 1167 2452 Vatinio
1194 2407 1367 2450 tribuno
1401 2407 1608 2448 adiutum.

180 2567 216 2608 1)
247 2564 316 2605 Tu,
342 2566 438 2608 quod
469 2568 551 2608 post
577 2568 618 2596 ut
643 2563 793 2597 additur
818 2563 1073 2602 incommode,
1115 2570 1228 2604 quum
1254 2558 1361 2590 nulla
1385 2555 1434 2589 sit
1459 2555 1495 2589 in
1524 2566 1609 2600 per-

246 2636 338 2659 sona
372 2624 579 2668 oppositio,
605 2635 684 2667 quae
710 2627 889 2663 vocatur,
928 2622 1104 2656 omittunt
1131 2621 1217 2653 Par.
1247 2617 1407 2661 (Naug.)
1435 2620 1471 2649 ct
1496 2616 1607 2649 Bcrn.

246 2684 423 2718 Mundum
453 2688 506 2717 est
541 2683 576 2716 in
614 2683 725 2717 tertia
753 2683 857 2715 codd.
890 2683 1037 2715 familia
1062 2685 1186 2724 ortum
1215 2689 1257 2709 ex
1285 2680 1296 2708 l
1323 2682 1358 2709 ct
1382 2688 1404 2708 η
1431 2675 1609 2720 repetitis.

246 2745 300 2778 Ex
329 2748 366 2776 tn
396 2743 461 2778 alii
488 2748 606 2777 tamen
633 2743 826 2782 fecerunt,
862 2746 903 2776 ut
928 2746 985 2776 est
1012 2741 1048 2775 in
1078 2738 1182 2777 Etr..
1212 2735 1278 2770 alii
1306 2740 1402 2776 turn,
1431 2734 1610 2769 recentiu-

248 2805 332 2839 simi
357 2809 405 2837 iu.
1138 2809 1140 2812 ·
