1981 3390
9 3010 13 3040 l

1483 256 1582 302 2⁴7

200 391 297 421 nem
335 381 448 419 enim
485 380 529 418 in
570 378 730 418 civium
763 375 1015 416 condicione
1047 375 1205 416 factam
1234 388 1312 428 pur
1340 382 1431 414 erat
1462 388 1649 415 comme-

198 458 383 504 morari3
413 469 524 496 nunc
543 452 797 508 simpliciter
823 454 942 493 cives
970 467 1029 493 ex
1051 451 1156 493 urbe
1169 451 1321 492 ductos
1345 459 1542 498 narrant3
1573 466 1651 492 nec

198 535 265 584 ii,
284 546 391 588 quos
416 533 633 572 sociorum
655 531 827 571 nomine
846 531 897 570 de
916 529 1084 571 civibus
1103 529 1361 583 suffragium
1381 541 1465 568 nou
1486 526 1650 568 haben-

199 610 313 651 tibus
345 623 446 649 usos
492 608 715 659 videmus,
758 621 947 662 unquam
986 609 1048 648 ita
1080 607 1132 648 de
1164 604 1334 647 civibus
1366 605 1650 656 coloniarum,

200 689 284 727 nisi
314 686 366 726 de
403 684 620 727 veteribus
650 685 832 736 incolis,
868 685 1119 740 loquuntur.
1183 682 1276 725 Nec
1309 681 1448 723 ullum
1480 684 1651 723 institu-

199 773 289 806 tum
315 765 422 807 iuris
449 764 500 804 ad
523 778 597 811 eos
622 765 766 814 cives,
812 777 992 818 quorum
1024 765 1084 803 ita
1114 769 1321 802 mutatam
1352 760 1650 801 condicionem

198 851 367 899 putant,
388 849 587 896 spectans
605 850 963 881 commemoratur
983 842 1038 889 ¹).
1085 838 1255 880 Deinde
1269 837 1366 878 aliis
1383 838 1651 892 argumentis

199 928 378 960 utuntur
420 917 557 959 nihilo
604 916 884 968 melioribus,
931 930 1023 971 quae
1065 915 1257 956 breviter
1301 915 1499 968 attigisse
1544 913 1651 954 satis

201 999 283 1038 erit
300 999 358 1046 2).
433 995 480 1035 In
515 993 670 1049 quibus
702 992 792 1033 haec
825 1001 891 1033 est
920 993 1159 1033 communis
1192 998 1235 1031 et
1265 1005 1387 1045 paene
1419 987 1651 1030 incredibi-

199 1073 252 1114 lis
285 1073 492 1128 pravitas,
522 1071 649 1126 quod,
685 1083 815 1126 quum
845 1083 902 1110 ex
927 1077 1165 1124 temporum
1188 1067 1288 1123 lege
1307 1066 1418 1108 Iulia
1440 1067 1652 1122 posterio-

199 1164 294 1192 rum
320 1148 449 1191 rebus
477 1148 568 1189 fere
598 1156 814 1203 petantur,
846 1148 907 1187 ita
931 1155 975 1187 ut
999 1160 1060 1187 ete
1082 1160 1252 1202 quoque
1275 1146 1435 1186 civium
1456 1143 1652 1193 coloniae,

199 1241 292 1282 quae
322 1235 420 1279 post
448 1240 543 1266 eam
575 1225 768 1266 deductae
796 1232 921 1274 sunt,
967 1226 1061 1264 sine
1101 1224 1315 1277 suffragio
1354 1223 1541 1271 fuerint,
1585 1233 1654 1260 se-

201 1305 359 1359 quitur,
389 1311 437 1345 ut
465 1301 517 1342 L.
553 1301 678 1343 Sulla
709 1310 883 1357 putetur
913 1303 1061 1357 paucis
1087 1302 1211 1341 annis
1236 1308 1346 1354 post,
1378 1313 1504 1354 quam
1535 1312 1654 1338 acer·

200 1382 309 1422 rime
351 1389 500 1421 contra
538 1380 680 1420 socios
721 1380 940 1420 civitatem
977 1386 1173 1434 petentes
1219 1378 1424 1432 pugnax-it
1465 1389 1544 1415 nec
1575 1376 1654 1415 im-

201 1457 377 1513 pedire,
421 1470 505 1511 quo
545 1458 687 1497 minus
729 1458 1000 1512 acciperent,
1043 1456 1257 1510 potuerit,
1290 1454 1498 1496 victorem
1528 1465 1656 1492 suum

203 1535 447 1575 exercitum
488 1547 611 1587 paene
654 1541 791 1574 totum
834 1534 878 1574 in
922 1533 1174 1574 inferiorem
1213 1530 1358 1573 locum
1402 1530 1654 1579 detrusisse,

201 1610 443 1666 meliusque
474 1609 745 1651 consuluisse
778 1608 962 1653 infinitis
992 1609 1080 1652 illis
1099 1608 1339 1658 Corneliis,
1370 1621 1477 1663 quos
1504 1619 1655 1647 manu-

201 1689 407 1730 missione
434 1688 610 1738 fecerat,
638 1701 765 1742 quam
780 1688 1013 1737 veteranis,
1036 1686 1254 1741 similique
1275 1686 1503 1740 iniquitate
1524 1683 1657 1724 ceteri

201 1766 417 1808 triumviri
432 1767 498 1806 usi
515 1779 610 1807 esse
625 1764 868 1815 credantur,
899 1765 971 1819 qui
991 1763 1201 1807 militares
1235 1762 1428 1805 colonias
1462 1761 1656 1802 deduxe-

200 1850 316 1891 runt.
393 1841 485 1884 Iam
517 1843 618 1898 quid
648 1843 922 1898 perversius,
961 1855 1090 1897 quam
1135 1854 1194 1882 ex
1237 1856 1314 1891 eo,
1355 1839 1467 1895 quod
1502 1836 1655 1878 Cicero

201 1921 266 1972 (in
300 1918 430 1960 Catil.
464 1919 537 1970 II,
567 1922 620 1970 9,
650 1921 725 1972 2⁰)
756 1933 856 1970 eos,
900 1934 1007 1974 quos
1039 1918 1164 1960 Sulla
1202 1920 1247 1958 in
1283 1918 1467 1957 Etruriae
1498 1915 1655 1968 oppidu

203 1995 471 2048 deduxerat,
521 1996 698 2037 colonos
740 1995 962 2052 appellat,
1004 1995 1284 2044 concludere,
1328 2007 1402 2034 eos
1443 1992 1655 2045 suffragio

227 2127 268 2172 ²)
293 2129 536 2171 Exspectares
561 2127 695 2160 saltem
724 2125 821 2159 inter
857 2126 988 2170 capitis
1023 2125 1288 2160 deminutionis
1321 2135 1461 2170 genera
1487 2124 1559 2157 hoc
1585 2134 1656 2157 nu-

296 2187 458 2229 merari,
489 2187 664 2231 quoniam
691 2190 726 2220 et
752 2186 815 2231 qui
842 2186 1033 2220 civitatem
1059 2189 1170 2231 plane
1195 2187 1412 2227 mutabant,
1442 2188 1478 2219 et
1503 2184 1588 2229 qui,
1616 2184 1657 2217 iu

294 2257 338 2282 ea
364 2252 578 2288 manentes,
603 2252 778 2292 gentem,
808 2247 930 2294 capite
961 2247 1286 2283 deminuebautur.

228 2305 270 2352 ²)
295 2307 474 2352 Exposuit
510 2317 554 2341 ea
579 2306 830 2350 spanhemius
856 2307 946 2341 Orb.
971 2308 1082 2341 Rom.
1110 2307 1149 2347 1,
1185 2306 1207 2339 9
1240 2318 1274 2348 p.
1300 2304 1346 2338 49
1373 2316 1450 2349 sqq.
1478 2303 1535 2337 ed.
1564 2304 1655 2337 Hal.

294 2368 448 2403 Nullam
474 2367 551 2400 vim
575 2366 738 2406 habere,
774 2366 959 2401 intellexit
994 2367 1151 2401 Trekell
1190 2365 1356 2409 (Antiqq.
1389 2366 1498 2399 Rom.
1527 2365 1594 2398 sel.
1621 2376 1655 2408 p.

292 2426 509 2475 219-251),
538 2437 606 2460 nec
632 2430 759 2468 tamen
784 2437 896 2460 ausus
921 2432 975 2463 est
1001 2427 1202 2464 veritatem
1227 2425 1344 2469 sequi.
1402 2423 1658 2464 Recenfiorcs,

293 2488 357 2539 qui
383 2488 537 2522 eandem
562 2491 767 2532 sequuntur
793 2487 1030 2530 sententiam,
1057 2488 1153 2522 nihil
1181 2487 1406 2521 addiderunt
1432 2483 1658 2530 argumenti,

292 2547 364 2584 nisi
389 2549 487 2593 quod
522 2548 767 2594 Ilopfensack
802 2559 838 2592 p.
865 2548 934 2583 147
968 2560 1012 2583 ex
1050 2560 1116 2591 eo,
1156 2548 1253 2593 quod
1293 2545 1446 2580 coloniae
1479 2546 1657 2578 Romanae

297 2609 498 2656 participes
537 2608 680 2644 fuerint
725 2609 940 2644 certaminis
974 2610 1019 2644 de
1056 2609 1205 2644 civitate
1241 2610 1436 2646 Romana,
1477 2614 1538 2636 cas
1575 2612 1657 2636 eam

294 2681 366 2711 non
392 2671 544 2714 plenam
568 2669 746 2704 habuisse
771 2669 917 2714 liquere
942 2675 1060 2715 putat.
1119 2669 1271 2704 Scilicet
1287 2667 1381 2701 illud
1399 2666 1531 2709 ipsum,
1560 2661 1658 2707 ⁸1¹¹0d

299 2731 346 2765 ml
373 2730 539 2768 colonias
567 2730 703 2765 civium
731 2729 877 2772 attinet,
904 2735 1024 2765 totum
1050 2734 1105 2766 cst
1127 2730 1280 2770 fietum3
1305 2738 1351 2763 ne
1376 2725 1548 2760 Latinam
1576 2722 1658 2766 qui-

297 2789 381 2833 dem
411 2795 502 2836 puto
529 2794 720 2836 repertum
743 2789 813 2834 iri,
848 2802 926 2836 quae
961 2803 1035 2827 non
1070 2792 1109 2828 iu
1146 2791 1247 2826 bello
1283 2785 1460 2824 socialia
1484 2784 1658 2821 Romana

293 2853 401 2893 parte
425 2850 582 2887 steterit.
