1981 3390
392 261 490 309 260

331 381 520 422 Plinium
552 383 726 436 ponitur
748 381 882 433 (nist.
912 380 966 424 N.
1000 380 1087 433 111,
1117 382 1145 423 5
1174 390 1271 438 post
1293 383 1403 423 med.
1422 390 1525 424 sect.
1541 381 1602 436 9),
1632 383 1774 431 vicum

333 460 426 499 sine
459 457 590 499 dubio
628 459 857 514 parvulum
899 458 1199 500 habitantium.
1277 458 1470 500 Coloniae
1507 474 1532 501 a
1568 460 1775 501 Romanis

330 535 588 590 Latinisque
618 544 660 576 et
685 536 887 576 Hernicis
922 538 1204 577 communiter
1235 537 1426 577 deductae
1458 538 1644 592 vestigia
1670 536 1776 578 Nie—

330 612 510 653 buln-ius
554 613 660 652 scite
696 613 856 666 reperit
884 613 928 651 in
961 613 1041 662 iis,
1074 626 1166 666 quae
1197 628 1222 653 a
1255 613 1466 668 Dionysio
1498 612 1778 654 Halicarnas-

330 691 447 729 sensi
477 689 548 742 (ad
580 703 678 728 ann.
708 689 792 728 467
823 703 862 728 a.
895 687 975 728 Ch.
1006 691 1063 738 n.)
1094 689 1146 729 de
1175 688 1307 730 Antio
1335 696 1560 731 narrantur
1582 689 1648 743 1);
1675 703 1777 730 nam

332 780 415 819 quo
449 766 591 805 minus
624 766 852 819 perspicue
889 765 941 804 de
982 764 1074 805 ulla
1106 764 1354 805 huiusmodi
1385 765 1557 806 colonia
1587 767 1777 807 tradere-

332 851 424 891 tur,
452 841 652 882 obstabat
671 844 716 882 in
737 843 993 896 scriptorum
1018 843 1172 882 animis
1194 842 1408 882 inhaerens
1432 843 1578 896 opinio
1611 843 1664 883 de
1692 842 1779 884 La-

330 920 432 958 tinis
462 920 548 960 iam
580 927 669 959 tum
703 918 879 968 eodem,
914 933 996 973 quo
1026 928 1203 973 postea,
1249 920 1375 960 modo
1408 920 1590 974 imperio
1620 918 1779 961 Roma·

333 1010 486 1036 norum
517 995 783 1051 parentibus.
844 994 943 1036 Non
970 1010 1082 1051 nego
1109 995 1205 1037 fieri
1232 996 1377 1051 aliquo
1409 995 1537 1036 modo
1567 996 1778 1049 potuisse,

331 1080 379 1112 ut
410 1073 657 1114 huiusmodi
690 1072 861 1112 colonia
894 1074 1107 1114 universae
1135 1074 1356 1114 societatis
1390 1073 1563 1113 nomine
1597 1072 1780 1113 deducta

331 1158 508 1203 postea,
552 1149 806 1190 Latinorum
851 1148 1017 1189 viribus
1068 1150 1242 1199 fractis,
1294 1152 1355 1190 ita
1396 1150 1439 1189 in
1486 1147 1779 1190 Romanorum

330 1235 593 1281 potestatem
633 1228 828 1276 veniret,
869 1234 916 1265 ut
954 1225 1103 1280 populi
1133 1226 1317 1266 Romani
1348 1224 1519 1265 colonia
1547 1223 1778 1265 haberetur

332 1303 736 1357 appellareturque3
777 1310 818 1342 et
858 1303 994 1356 possit
1035 1301 1117 1342 hoc
1158 1301 1315 1356 aliquis
1356 1300 1567 1356 suspicari
1608 1299 1661 1340 de
1693 1313 1781 1341 una

333 1388 375 1419 et
423 1379 562 1420 altera
615 1393 675 1419 ex
721 1379 1033 1433 antiquissimis
1086 1377 1269 1418 coloniis
1312 1377 1508 1428 Latinis,
1560 1376 1682 1418 velut
1726 1376 1780 1417 de

333 1455 508 1507 Norba,
561 1470 654 1511 quae
694 1457 898 1510 proximo
946 1463 1043 1510 post
1088 1455 1240 1496 foedus
1285 1455 1432 1509 Spurii
1482 1452 1625 1494 Cassii
1667 1466 1780 1499 anno

333 1531 450 1587 (492)
485 1535 529 1573 in
559 1535 654 1588 ipso
686 1533 814 1573 Latio
858 1533 1090 1573 constituta
1123 1541 1187 1573 est
1219 1532 1336 1582 (Liv.
1372 1530 1440 1581 ΙΙ,
1482 1532 1571 1581 34).
1634 1528 1782 1585 Magis

333 1620 476 1651 tamen
510 1609 689 1650 inclinat
732 1611 927 1658 animus,
971 1617 1017 1648 ut
1060 1609 1271 1649 eiusmodi
1313 1607 1468 1660 oppida
1511 1620 1536 1647 a
1573 1605 1782 1647 Romanis

336 1688 486 1728 eodem
527 1686 624 1727 loco
656 1685 805 1727 habita
833 1694 1007 1741 putem,
1051 1700 1134 1740 quo
1175 1685 1353 1739 reliquae
1382 1685 1581 1724 civitates
1612 1683 1782 1723 Latinae

335 1773 506 1807 veteres
536 1762 828 1820 habebantur3
859 1777 915 1802 ex
950 1777 1031 1816 quo
1067 1763 1282 1817 sequitur,
1326 1768 1400 1811 ut,
1438 1774 1557 1815 quae,
1590 1759 1781 1801 deductae

336 1851 433 1882 ante
461 1841 665 1882 Latinum
701 1854 854 1880 nomen
889 1838 1017 1893 plane
1045 1837 1285 1888 subactum,
1314 1846 1465 1890 postea
1496 1836 1548 1877 ab
1581 1838 1674 1892 ipso
1705 1850 1784 1891 po-

333 1918 438 1973 pulo
471 1918 667 1959 Romano
712 1918 756 1956 in
791 1915 963 1970 publico
998 1917 1154 1956 virium
1188 1915 1358 1970 imperii
1387 1926 1567 1954 recensu
1601 1912 1782 1954 coloniae

341 1995 570 2051 appellatae
602 1996 702 2045 sint,
738 1994 781 2047 (a
811 1992 966 2048 quibus
998 1993 1155 2048 oppida
1170 1992 1329 2033 Latina
1359 1990 1596 2041 foederata,
1627 1988 1783 2041 Tibur,

366 2187 402 2226 1)
431 2184 513 2218 Lib.
541 2186 606 2226 lx,
639 2183 708 2217 59:
742 2179 867 2227 ὀλίγων
883 2178 1191 2228 ἀπογραψαμένων
1221 2181 1318 2224 ἔδοξε
1341 2180 1387 2231 τῇ
1416 2175 1534 2228 βουλῇ,
1567 2176 1689 2225 ἐπειδὴ·
1726 2174 1784 2214 οἰκ

430 2242 613 2288 α”ξιοχρὲως
637 2238 678 2287 ἦν
701 2241 719 2277 ὁ
739 2240 949 2283 ἀπόστολος,
984 2243 1171 2287 ἕπίτρεψαι
1189 2246 1354 2278 Λατίνων
1375 2257 1413 2277 τε
1437 2247 1493 2276 καὶ
1520 2239 1688 2287 Ἑρνίκων
1711 2240 1784 2274 τοῖς

430 2303 653 2347 βονλομένοις
675 2297 732 2344 τῆς
750 2298 914 2334 α’ποικιάς
932 2306 1104 2345 μετέχειν.
1163 2304 1290 2337 Livius
1315 2305 1410 2345 (ΙΙΙ,
1447 2303 1487 2344 l)
1508 2302 1554 2334 de
1578 2299 1720 2333 Latinis
1746 2303 1784 2333 et

431 2362 605 2396 Hernicis
625 2362 734 2404 plane
753 2360 847 2393 nihil
866 2360 965 2394 «licit.
1021 2362 1225 2395 Manebant
1248 2366 1380 2405 praetcr
1405 2359 1589 2394 coloniam
1610 2358 1783 2392 Latinam

428 2423 505 2456 sive
533 2420 655 2466 potius
688 2420 842 2453 mixtam
869 2418 994 2451 Volsci
1020 2424 1160 2452 veteres
1191 2420 1341 2461 incolm,
1367 2424 1408 2453 ut
1435 2419 1488 2452 ait
1511 2418 1610 2452 idem
1641 2415 1782 2464 Diony-

434 2483 507 2517 sius
523 2483 605 2525 (lx,
619 2480 696 2523 60),
727 2478 770 2513 τά
794 2475 821 2512 τ’
844 2476 1128 2525 ἀπο,ιι-ι(>ισθέι’τα
1150 2481 1249 2523 σφίσι
1271 2482 1327 2512 καὶ
1351 2476 1393 2513 τά
1417 2475 1480 2513 ὖπὸ
1500 2476 1569 2512 τῶν
1587 2475 1784 2524 κληροίχων

432 2540 680 2587 ἀφορισθέντα
707 2537 868 2583 κτήματα
898 2537 1126 2583 γειινργοῧντὲς
1159 2538 1215 2573 ἐπὶ
1242 2540 1361 2585 ῥηταῖς
1383 2552 1455 2573 τιοι
1478 2542 1536 2573 καὶ
1557 2541 1785 2585 τεταγμέναις

432 2605 583 2648 μοίραις.
641 2600 740 2634 llinc
771 2599 918 2634 Livius.
954 2604 1131 2642 pvrpctuo
1166 2604 1310 2633 veteres
1347 2600 1488 2633 incolas
1521 2611 1605 2634 cnm
1643 2601 1786 2635 colonis

434 2662 684 2702 confundens,
722 2662 872 2694 colonos
907 2660 1058 2693 volscos
1095 2659 1238 2694 additos
1273 2660 1398 2694 tradit.
1457 2659 1603 2694 Civium
1641 2660 1787 2695 colonia

434 2734 530 2757 anno
556 2723 703 2756 demum
739 2720 806 2754 338
833 2720 982 2754 Antium
1013 2720 1170 2754 deducta
1196 2723 1270 2762 ost,
1309 2720 1496 2754 veteribus
1522 2720 1654 2754 incolis
1681 2721 1785 2755 colo-

436 2784 568 2827 nisque
601 2781 636 2815 in
664 2782 851 2817 cixitatcm
885 2779 1063 2824 rect-ptis,
1102 2780 1180 2816 sinc
1214 2780 1327 2816 dubio
1361 2781 1439 2816 sinc
1478 2780 1659 2826 suffragio
1685 2781 1782 2825 (mv.

436 2844 544 2880 ΠΙΙ,
569 2843 642 2884 lt).
