1981 3390
1443 288 1538 337 155

152 408 306 449 lationi
334 406 506 462 propria
537 403 635 447 addi
671 401 793 445 nullo
823 403 950 446 modo
968 404 1120 461 possit.
1178 403 1330 447 Simile
1361 415 1454 447 erat
1485 422 1604 450 men-

151 486 252 528 dum
285 485 371 527 loci
400 498 530 538 supra
563 482 781 524 emendati
811 483 855 524 in
887 482 1163 537 Pompeianae
1194 497 1230 524 c.
1268 485 1323 536 9,
1368 485 1606 542 eodemque

151 564 279 606 mod‘o
318 567 433 616 (nam
477 562 682 618 frequens
725 569 791 602 est
823 560 905 602 hoc
938 561 1286 615 interpolationis
1319 563 1476 618 genus)
1512 578 1607 606 cor·

150 650 301 695 ruptus
342 640 464 682 locus
507 640 549 682 II
592 642 635 681 in
679 638 808 681 Catil.
837 641 890 690 6,
930 641 1008 691 14,
1050 638 1125 680 ubi
1165 641 1208 680 in
1251 640 1398 682 codiee
1441 640 1607 684 Mureti

151 717 310 760 Manlii
342 734 497 760 nomen
532 717 836 770 omittebatur,
878 727 994 759 recte
1026 717 1201 760 Mureto
1234 717 1470 775 probante3
1507 735 1608 763 con-

150 799 345 851 temptim
378 798 661 848 conditionis,
704 811 791 838 non
824 797 1036 848 hominis,
1077 799 1250 838 nomine
1285 807 1431 840 orator
1459 801 1609 842 utitur.

151 875 377 919 Testatior
412 885 504 918 erat
532 889 601 918 res
634 877 677 916 in
706 884 815 916 orat.
846 889 924 929 pro
957 874 1107 930 Ligar.
1140 877 1217 925 12,
1252 877 1321 917 37.

273 954 533 996 Accuratius
573 954 803 995 dicendum
846 953 1020 994 videtur
1059 952 1112 992 de
1152 966 1204 993 eo
1237 951 1366 993 huius
1399 955 1610 997 orationis

150 1030 274 1084 loco,
309 1033 383 1088 qui
413 1047 543 1088 quum
571 1031 707 1089 vulgo
742 1033 836 1073 sine
869 1030 962 1073 ulla
993 1031 1241 1087 suspicione
1277 1032 1422 1072 mendi
1455 1033 1611 1075 edere-

151 1118 248 1162 tur,
280 1125 307 1152 a
336 1125 405 1152 me
433 1125 519 1153 non
549 1110 691 1153 solum
721 1111 971 1163 mendosus,
1004 1110 1081 1152 sed
1113 1111 1245 1152 etiam
1279 1109 1513 1153 laminosus
1543 1120 1610 1154 est

151 1189 368 1231 iudicatus
380 1220 392 1242 ,
427 1205 463 1232 c.
489 1191 559 1242 37,
591 1191 699 1243 102,
731 1190 777 1230 in
811 1204 896 1246 quo
929 1197 1075 1232 tamen
1106 1191 1381 1246 apertissima
1411 1191 1608 1232 codicum

153 1267 315 1310 indicia
343 1277 517 1310 secutus
550 1283 661 1310 sum.
727 1266 982 1324 Legebatur
1015 1270 1153 1311 enim:
1182 1269 1250 1311 At
1278 1273 1325 1311 z‘n
1358 1283 1443 1325 qua
1475 1283 1610 1312 causa

153 1359 240 1389 non
277 1349 510 1402 potuisse?
576 1345 683 1395 Quae
714 1352 780 1387 est
803 1352 938 1401 grata
977 1347 1195 1402 gentibus.
1258 1348 1310 1391 A
1339 1347 1491 1403 qulbus
1523 1361 1610 1390 non

147 1427 378 1480 potuisse?
448 1424 519 1467 Ab
560 1428 643 1477 2‘2’3,
684 1428 762 1481 qui
787 1429 977 1466 maxime
1012 1426 1061 1466 P.
1099 1425 1245 1467 Clodio·
1274 1431 1407 1467 morte
1437 1430 1612 1482 acquie-

153 1509 279 1551 runt;
324 1504 368 1544 in
410 1517 494 1558 qua
533 1505 747 1557 scriptura
790 1503 873 1544 soli
914 1502 1152 1544 Garatonio
1205 1503 1358 1546 oborta
1398 1513 1463 1545 est
1496 1503 1611 1546 levis

153 1580 393 1633 dubitatio,
425 1589 599 1622 rectene
633 1589 719 1622 tam
753 1582 866 1622 nude
896 1590 1132 1638 poneretur
1149 1581 1368 1637 genlibecS,
1400 1597 1455 1624 an
1488 1584 1611 1624 exci-

153 1660 290 1701 disset
331 1659 538 1701 omnibm.
604 1660 692 1702 Sed
736 1659 809 1702 vel
849 1660 932 1702 hoc
969 1660 1141 1712 addito,
1183 1675 1416 1716 perverse,
1450 1663 1611 1703 omisso

153 1737 305 1794 populi
335 1738 522 1780 Romani
552 1740 745 1781 omnium
784 1740 983 1781 ordinum
1017 1739 1203 1791 iudicio,
1249 1740 1362 1796 quod
1403 1742 1614 1796 gravissi-

154 1831 272 1858 mum
307 1825 421 1870 erat,
457 1817 661 1874 gentibus
693 1817 920 1872 omnibus,
954 1833 1037 1875 quo
1067 1819 1244 1865 nomine
1278 1827 1442 1860 exterae
1475 1820 1613 1876 signi-

155 1893 366 1947 ficantur,
407 1904 532 1952 grata
565 1895 749 1939 Milonis
794 1912 926 1940 causa
970 1899 1201 1938 diceretur.
1275 1897 1333 1938 Et
1376 1912 1503 1953 quam
1546 1905 1613 1938 est

156 1973 239 2014 hoc
277 1973 485 2029 languide
537 1989 821 2029 expressum,
871 1981 938 2017 est
970 1982 1106 2030 grata
1140 1975 1381 2030 gentibus?
1438 1974 1610 2017 Deinde

158 2051 272 2106 quod
301 2050 529 2092 subiicitur
562 2065 590 2092 α
620 2052 772 2106 quibus
803 2061 847 2093 et
880 2052 933 2093 ab
967 2056 1050 2104 iis,
1084 2051 1241 2093 falsam
1275 2051 1406 2093 habet
1437 2061 1612 2094 senten-

158 2129 286 2176 tiam;
330 2127 398 2168 illi
440 2129 580 2180 enim,
625 2130 699 2185 qui
738 2131 932 2170 maxime
977 2128 1121 2171 Clodii
1162 2139 1300 2172 morte
1343 2132 1613 2186 acquierunt,

158 2206 323 2248 iudices
353 2221 458 2248 sane
498 2206 831 2263 intelliguntur3
877 2222 1029 2249 verum
1069 2223 1199 2264 quum
1230 2208 1283 2250 ab
1322 2210 1468 2265 aliquo
1499 2214 1617 2252 tueri

159 2285 337 2335 dicitur,
383 2287 610 2338 inimicus,
660 2294 885 2327 accusator
927 2285 1188 2342 intelligitur
1232 2286 1305 2328 vel
1350 2289 1487 2330 iudex
1522 2303 1616 2331 cor-

156 2371 308 2419 ruptus
342 2371 384 2404 et
413 2365 602 2420 iniquus.
664 2363 757 2406 Iani
790 2377 818 2405 a
850 2363 1003 2419 quibus
1034 2366 1246 2407 omittitur
1274 2367 1319 2408 in
1351 2368 1441 2409 cod.
1462 2368 1613 2411 Erfur-

156 2443 285 2493 tensi,
316 2441 360 2483 id
395 2451 460 2484 est
491 2444 537 2484 in
570 2442 742 2486 meliori
771 2443 939 2485 familia
959 2441 1025 2499 ¹),
1058 2445 1103 2486 in
1134 2444 1394 2497 Hauniensi,
1424 2447 1611 2500 50xx.‚

157 2520 254 2561 edd.
286 2529 419 2570 vett.;
451 2521 504 2563 ab
537 2530 637 2564 ante
664 2526 734 2574 iis,
767 2538 851 2580 quo
880 2524 1041 2565 omisso
1071 2532 1186 2566 stare
1212 2524 1397 2566 alterum
1416 2541 1499 2567 non
1518 2534 1613 2579 pot-

161 2606 249 2650 est,
282 2599 327 2639 in
359 2599 465 2652 Erf„
494 2600 673 2653 Haun.,
702 2603 731 2643 2
761 2600 904 2654 Oxx„
934 2602 1030 2643 edd.
1062 2611 1185 2655 vett„
1220 2604 1341 2646 codd.
1372 2604 1610 2659 Lagomar-

186 2737 224 2780 ι)
251 2737 436 2772 Gruterus
462 2739 508 2773 de
533 2739 610 2775 suis
635 2739 764 2782 codd.,
790 2743 833 2775 ut
856 2741 973 2784 solet,
1012 2744 1123 2777 tacet.
1194 2741 1370 2776 anariri
1394 2740 1613 2785 scripturas,

252 2809 332 2843 quae
362 2804 493 2845 aperte
526 2801 629 2836 falsae
661 2806 698 2836 et
722 2802 865 2837 nullius
890 2815 978 2838 usus
1003 2803 1243 2845 viderentur,
1273 2808 1338 2837 ant
1363 2804 1409 2837 ab
1431 2804 1610 2837 Harlesii)

253 2862 320 2893 aut
344 2870 367 2894 a
395 2861 601 2906 Garatonio
628 2862 782 2898 omissas
807 2876 908 2905 esse,
935 2864 1011 2899 iam
1036 2867 1251 2900 WVumlerus
1274 2864 1395 2911 (praef.
1424 2865 1502 2900 cod.
1529 2865 1607 2899 Ers

252 2916 402 2956 Lxxlx
429 2925 464 2957 et
491 2923 662 2968 prolegg.
690 2925 736 2960 nd
761 2925 978 2965 Plancina)
1005 2926 1202 2962 intellexit.
