1981 3390
1421 254 1511 302 165

135 389 225 418 rum
258 382 436 431 uterque
467 373 521 415 L.
553 371 688 412 Bruto·
721 374 951 425 imaginem
995 370 1188 425 quotidie
1228 371 1418 421 videret,
1464 374 1577 412 alter

136 459 266 496 etiam
300 451 490 494 Ahala?
554 447 668 497 Quid
706 450 749 488 in
789 448 869 489 hac
910 449 1126 488 sententia
1167 446 1416 502 significent
1444 447 1577 487 verba

135 532 228 572 illes
257 526 529 575 auctoribus,
563 539 690 566 nemo
730 526 866 573 dixit3
905 539 984 566 nec
1014 525 1098 565 dici
1123 533 1279 578 potest.
1339 523 1455 565 Nam
1483 524 1576 564 sive

133 607 280 648 dativo
310 606 406 645 sive
438 602 631 644 ablativo
668 616 770 644 casu
797 604 937 655 posita
965 611 1113 654 putas,
1158 616 1242 656 quo
1275 601 1402 642 modo
1432 608 1579 641 aucto-

132 696 203 725 res
236 680 512 737 appellantur
542 678 728 720 Caesaris
761 680 1089 720 interfectores?
1147 677 1230 719 Cui
1261 687 1304 720 et
1333 679 1454 719 cuius
1485 676 1580 718 reiz

134 758 300 809 Caedis,
340 759 480 813 inquit
516 756 779 806 Abi-aniius,
820 757 893 811 qui
922 756 1042 796 solus
1070 758 1228 812 attigit.
1289 754 1376 797 Ubi
1405 754 1449 794 id
1483 767 1578 794 ver-

131 835 235 877 bum
277 835 371 876 esti
435 834 707 889 Quamquam
754 835 846 874 eius
879 834 1055 873 minime
1086 846 1263 882 omnes,
1297 811 1377 886 qui
1403 843 1579 871 enume-

131 921 306 964 rantur,
350 919 547 953 auctores
588 917 734 959 erant,
774 909 850 948 sed
881 910 1124 951 effectores.
1183 909 1299 950 Satis
1333 915 1481 962 aperte
1509 907 1579 955 iis,

131 992 204 1045 qui
237 1003 326 1030 rem
359 994 680 1043 perpetrarant,
721 986 926 1025 contrarii
960 992 1177 1037 ponuntur
1215 986 1272 1034 ii,
1313 985 1352 1024 si
1396 984 1470 1037 qui
1501 984 1580 1022 im-

129 1065 371 1122 pulissent,
425 1062 580 1118 quibus
631 1075 738 1116 opus
793 1061 929 1102 fuisse
981 1060 1135 1103 Cicero
1186 1068 1340 1117 negat:
1408 1073 1488 1100 nec
1537 1060 1580 1098 in

129 1142 266 1192 alios,
310 1153 437 1196 quam
480 1141 525 1180 in
571 1139 674 1190 hos,
723 1139 836 1180 cadit
883 1147 1107 1180 auctorum
1149 1137 1398 1193 appellatio.
1474 1135 1582 1175 Haec

129 1232 260 1274 quum
293 1219 532 1259 sensissent
560 1217 786 1257 Ernestius
818 1224 861 1256 et
894 1216 1149 1264 Schutzius,
1193 1214 1327 1255 verba
1356 1213 1435 1254 illa
1468 1211 1579 1253 alter

129 1294 316 1336 delenda
359 1294 552 1343 censuit,
592 1293 701 1333 alter
743 1291 976 1345 delevit1).
1041 1293 1128 1333 Sed
1175 1292 1296 1332 nulla
1335 1291 1580 1345 excogitari

132 1379 276 1424 potest
305 1370 654 1425 interpolationis
672 1383 817 1420 causa,
840 1377 1021 1410 nectam
1049 1368 1222 1408 videtur
1241 1377 1342 1422 apta
1358 1366 1579 1421 generalis

132 1450 374 1495 sententia3
404 1449 550 1502 itaque
572 1461 658 1487 una
677 1447 804 1488 litera
822 1445 964 1487 deleta
988 1444 1297 1485 restituendam
1317 1459 1410 1485 eam
1429 1456 1581 1484 vocem

128 1523 388 1576 (actoribus)
431 1525 609 1575 putavi,
647 1538 740 1578 quoe
780 1525 898 1578 ipsos
943 1523 1171 1564 effectores
1205 1523 1265 1561 ita
1295 1519 1578 1574 significaret,

129 1609 178 1641 ut
209 1608 308 1655 apte
350 1599 442 1640 haec
474 1601 593 1640 notio
624 1599 861 1640 referretur
898 1600 950 1639 ad
994 1607 1217 1639 auctorum
1250 1612 1404 1638 nomen
1439 1597 1578 1636 notio-

131 1690 340 1732 nemque3
389 1691 469 1718 nec
508 1676 590 1717 hoc
625 1675 722 1719 loco
755 1689 860 1728 opus
892 1684 984 1716 erat
1017 1677 1162 1717 addito
1193 1676 1388 1731 genitivo
1419 1673 1474 1714 ad
1506 1673 1579 1712 de-

131 1752 365 1795 finiendam
398 1752 600 1794 vocabuli
629 1754 786 1794 actoris
817 1751 1196 1808 significationem.

254 1829 303 1871 C.
332 1832 408 1880 16,
448 1831 504 1871 40
541 1830 821 1885 interpolatio
866 1831 1053 1871 notanda
1090 1831 1198 1880 fuit,
1227 1817 1267 1869 *a
1311 1843 1394 1883 quo
1436 1826 1581 1868 mendi

131 1921 293 1964 genere
334 1920 420 1947 non
460 1921 557 1948 esse
601 1907 786 1950 liberum
832 1908 1023 1948 codicem
1065 1907 1327 1947 Vaticanum
1367 1907 1405 1944 is
1444 1904 1581 1950 locus,

133 1986 206 2039 qui
239 1985 440 2038 proxime
474 1985 668 2037 sequitur
698 1983 803 2037 (41),
830 1983 1033 2037 exemplo
1067 1997 1162 2023 esse
1191 1989 1349 2036 potest,
1384 1994 1437 2019 ne
1466 1979 1579 2019 alios

133 2073 489 2108 commemorem,
533 2068 576 2099 et
605 2061 698 2113 ipse
730 2058 897 2099 duobus
928 2060 1014 2099 iam
1051 2058 1266 2113 exemplis
1299 2055 1507 2110 (Philipp.
1537 2057 1576 2103 1,

131 2138 172 2184 8,
206 2138 235 2176 8
266 2143 308 2176 et
335 2135 392 2186 II,
421 2137 490 2186 26,
518 2133 591 2183 64)
612 2135 794 2176 ostendi.
853 2134 1071 2176 Edebatur
1104 2135 1198 2201 hig:
1228 2134 1308 2174 Me
1326 2146 1459 2181 nemo,
1492 2135 1582 2171 πίει·

130 2211 461 2263 ame‘cus,seclt
487 2211 712 2262 heredem,
762 2218 812 2254 ut
851 2226 941 2253 cum
985 2213 1062 2253 illo
1108 2212 1346 2259 commodo,
1388 2213 1429 2250 εί
1467 2208 1582 2262 qnod

131 2295 248 2338 erat,
282 2293 421 2331 animi
449 2290 620 2343 quidam
651 2290 774 2330 dolor
805 2293 1081 2343 iungeretur,-
1116 2294 1159 2328 te
1184 2291 1245 2336 is,
1278 2299 1399 2341 quem
1429 2285 1582 2326 vidisse

131 2378 371 2420 mucquctm,
399 2364 454 2408 L.
486 2366 678 2407 Rubrius
715 2365 919 2415 Casinas,
950 2364 1076 2414 fecit
1103 2363 1315 2404 heredem,
1371 2362 1477 2402 Haec
1505 2375 1579 2401 au-

133 2451 219 2483 tem
250 2441 404 2483 ultima
421 2441 547 2492 fecit
576 2442 773 2486 heredem
804 2457 888 2484 non
920 2442 1061 2483 solum
1091 2440 1297 2496 languide
1322 2439 1579 2487 redundant,

129 2519 205 2560 sed
241 2528 518 2575 corrumpunt
547 2521 778 2562 manifesto
798 2521 1006 2561 orationis
1025 2517 1280 2565 artificium3
1310 2515 1445 2557 semel
1463 2516 1577 2555 enim

129 2597 271 2650 posito
313 2603 357 2636 et
395 2603 600 2652 tanquam
641 2597 923 2638 delitescente
967 2611 1046 2648 eo,
1092 2596 1202 2651 quod
1239 2607 1462 2635 commune
1497 2600 1576 2640 est,

160 2718 199 2761 ¹)
226 2717 502 2752 Wernsdorfius
517 2717 564 2750 ml
578 2717 678 2752 hunc
691 2719 830 2759 locum,
860 2718 933 2752 ”At
949 2729 1020 2751 non
1039 2728 1131 2761 opus
1148 2716 1240 2756 cst''‚
1266 2714 1398 2759 inquit,
1424 2712 1578 2746 '’irinati-3

220 2776 372 2818 docere,
399 2777 529 2811 eadem
554 2778 694 2812 bonum
718 2783 754 2813 ct.
779 2778 1018 2813 commodum
1043 2788 1192 2812 sensuum
1217 2774 1392 2808 haberc'‘.
1442 2771 1576 2807 l'uucis

218 2837 408 2877 tentasset,
433 2837 583 2873 vellem.
635 2837 707 2874 Sed
730 2842 784 2875 cst
809 2838 881 2875 hoc
905 2848 1052 2883 quoque
1078 2835 1212 2872 criticae
1237 2843 1366 2879 genus.
