1981 3390
1401 242 1498 289 223

241 367 419 423 I’opulis
453 368 600 414 vietis,
640 376 724 403 nou
763 363 904 403 solum
945 365 1016 416 qui
1049 374 1149 401 suas
1182 363 1380 401 civitates
1412 362 1567 402 retine·

124 443 253 494 bant,
303 457 452 485 verum
484 443 644 490 etiam,
679 440 751 494 qui
781 439 909 493 plane
940 437 1124 479 subiecti
1157 439 1338 490 imperio
1372 437 1567 478 Romano

122 521 442 576 subdebantur,
485 518 723 572 antiquitus
765 532 788 557 a
823 517 1030 558 Romanis
1071 530 1169 570 pars
1213 516 1333 569 agri,
1376 514 1569 569 depulsis

124 596 473 653 possessoribus,
519 593 806 635 adimebatur·
871 594 912 634 ls
953 608 1058 648 ager
1089 602 1161 634 aut
1193 591 1391 646 publicus
1423 589 1569 646 populi

123 672 324 715 manebat
368 682 442 714 aut
479 672 821 714 venunulabatur
861 681 934 712 aut
981 672 1140 711 viritim
1172 669 1340 710 civibus
1373 671 1568 724 assigua-

217 922 431 956 Graeculum
467 920 550 954 iure
584 920 858 964 reprehendat,
895 919 931 952 in
969 919 1041 952 bac
1070 929 1110 951 re
1139 921 1176 951 et
1201 921 1352 951 cnutum
1378 916 1574 960 appellare

218 981 362 1026 placuit
393 982 460 1024 (11,
490 993 524 1025 p.
543 980 589 1014 57
615 981 678 1022 bey
703 980 781 1012 dem
806 979 1049 1021 umsicheigen
1064 978 1347 1019 Schriststellcr)
1366 981 1402 1009 et
1417 975 1574 1020 religio-

216 1053 299 1075 sum
329 1041 421 1083 (ilnl.
451 1039 735 1084 gewissenlzast)
764 1044 799 1073 ct
824 1039 861 1072 iu
891 1039 1093 1072 verborum
1118 1040 1161 1072 ad
1180 1051 1238 1072 res
1259 1042 1434 1071 accurate
1458 1034 1576 1080 signi-

217 1100 382 1134 ficandas
411 1100 557 1133 delectu
584 1099 805 1144 diligentem
833 1100 927 1142 (ibd.
958 1100 1022 1132 der
1045 1099 1137 1132 anch
1166 1100 1199 1132 ιἰι
1227 1100 1357 1132 seim-m
1384 1095 1578 1130 Ansdrfick

218 1161 348 1195 hochst
375 1160 607 1204 sorgfiiltige
635 1159 838 1202 Gelehrte).
898 1160 980 1203 lpse
1010 1160 1056 1193 ad
1084 1160 1182 1193 banc
1208 1161 1358 1193 laudem
1386 1157 1578 1195 tuendam,

217 1233 334 1266 quum
358 1221 560 1266 Dionysius
596 1220 829 1264 apeltissime
857 1219 928 1253 sibi
961 1221 1215 1262 contradicat,
1250 1220 1385 1253 miram
1415 1218 1461 1251 ab
1497 1215 1577 1260 ipso

220 1281 417 1326 Dionysio·
430 1282 568 1314 saetam
595 1280 758 1313 liistoriae
781 1280 856 1312 iam
890 1281 1092 1314 elaborat-12
1116 1280 1443 1325 interpolationem
1470 1288 1578 1309 exco-

220 1342 342 1387 gitat,
379 1353 457 1386 quae
482 1341 513 1374 si
540 1345 634 1373 esset
660 1340 782 1380 faeta,
816 1340 947 1372 saltem
974 1340 1085 1373 simul
1113 1341 1207 1374 falso
1242 1345 1395 1373 narratu
1420 1337 1580 1381 diligens

219 1403 332 1436 homo
348 1405 541 1436 mutasset.
591 1399 750 1433 Omnino
771 1399 983 1443 Dionysius,
1013 1411 1126 1444 quum
1154 1399 1414 1444 loquacissimo
1441 1406 1579 1441 genere

223 1461 422 1496 historiam
456 1461 510 1494 ita
547 1460 749 1500 scriberet,
792 1464 833 1492 ut
869 1460 979 1492 simul
1014 1471 1119 1493 suam
1160 1460 1395 1504 prudentiam
1431 1457 1581 1490 civilem

223 1527 429 1556 ostentaret
465 1526 502 1554 et
535 1522 722 1554 Romanos
750 1521 962 1553 extollendo
992 1521 1138 1554 Graecos
1170 1521 1344 1559 doceret,
1381 1531 1422 1552 ex
1461 1519 1582 1551 altera

222 1586 347 1615 autem
383 1586 490 1625 parte
526 1581 666 1624 (neque
704 1580 802 1613 enim
842 1581 994 1613 carebat
1031 1581 1203 1614 Graecula
1233 1581 1417 1622 vanitate)
1454 1576 1583 1611 omniu.

221 1642 414 1675 Romanos
459 1652 481 1674 a
529 1641 667 1674 Graecis
702 1639 880 1673 habuisse
923 1641 1215 1682 demonstraret,
1251 1640 1341 1674 iuris
1377 1638 1511 1672 veteris
1550 1639 1586 1669 ct

225 1701 479 1735 institutorum
507 1701 666 1734 incertas
694 1704 729 1733 et
750 1711 883 1745 parum
902 1707 1097 1734 accuratas
1115 1701 1281 1735 notiones
1303 1696 1586 1744 comprehcndit

227 1766 265 1796 et
298 1766 363 1796 aut
395 1762 475 1794 sere
507 1761 750 1807 generalibus
778 1766 924 1794 tantum
961 1761 1172 1795 nominibus
1196 1761 1424 1807 significavit
1453 1759 1584 1803 (quale

225 1826 281 1856 est
303 1818 376 1856 ’τῶν
398 1819 595 1866 ἱπηκόυιν,)
622 1827 686 1856 aut
710 1823 754 1855 ad
782 1822 849 1855 has
874 1834 932 1855 res
956 1822 1222 1866 significandas
1250 1823 1386 1856 Graecis
1415 1820 1585 1864 appella-

227 1881 391 1916 tionibus
426 1893 512 1916 usus
538 1887 602 1920 ‚est
629 1893 748 1926 neque
775 1882 1058 1928 diligentissime
1089 1884 1242 1917 delectis
1268 1893 1386 1927 neque
1413 1885 1585 1913 constan·

226 1944 285 1974 ter
319 1942 500 1983 servatis,
528 1942 648 1987 qualis
676 1947 730 1976 est
757 1939 994 1983 ἰσοπολιτεία,-
1022 1953 1107 1976 nam
1135 1955 1207 1976 non
1235 1945 1370 1981 solum,
1397 1951 1487 1984 (pios
1513 1939 1586 1971 iso-

228 2001 365 2045 politas
395 2002 585 2044 appellat,
616 2003 764 2035 eosdem
790 2002 938 2036 πολίτας
966 2003 1056 2036 dicit
1082 2004 1166 2035 vul
1191 2014 1223 2035 e.
1250 2005 1316 2042 77,
1342 2001 1405 2034 sed
1430 1999 1586 2033 eandem

228 2060 458 2104 isopolitiam
486 2061 547 2100 lv,
572 2060 618 2093 53
645 2061 771 2094 datam
801 2061 891 2094 dicit
918 2061 1096 2102 Gabinis,
1125 2062 1258 2105 quibus
1286 2071 1413 2105 regem
1440 2070 1462 2092 a
1489 2060 1587 2092 Tar-

232 2118 359 2163 quinio
380 2118 595 2163 impositum
620 2125 759 2154 narrat.
820 2121 950 2164 ltaque
981 2132 1022 2154 ex
1053 2121 1368 2165 appellationibus
1398 2131 1525 2152 rerum
1552 2122 1589 2152 et

231 2179 349 2224 ipsius
371 2179 496 2212 verbis
534 2183 570 2212 et
598 2190 640 2212 ex
666 2180 711 2213 iis
738 2180 949 2220 coloribus,
989 2181 1122 2224 quibus
1149 2181 1250 2226 ipse,
1283 2192 1367 2214 suas
1394 2180 1587 2225 opiniones

232 2243 395 2280 secutus,
430 2250 488 2272 res
515 2239 639 2273 ieiune
668 2241 824 2274 traditas
855 2241 977 2285 pingit
1012 2246 1048 2275 et
1082 2241 1264 2281 extendit,
1301 2241 1397 2274 nibil
1426 2252 1588 2284 unquam

233 2298 404 2333 concludi
432 2303 575 2343 potest3
603 2311 645 2332 ex
671 2300 758 2344 ipsis
783 2305 974 2345 gestarum
1001 2312 1127 2334 rerum
1159 2301 1317 2342 indiciis,
1344 2306 1525 2345 quatenus
1546 2311 1590 2334 ea

232 2371 307 2393 non
342 2358 580 2399 obscuravit,
618 2359 744 2393 omnia
782 2360 980 2394 efficienda
1011 2366 1107 2395 sunt.
1172 2361 1299 2394 Livius
1326 2362 1462 2397 saltem
1489 2367 1590 2395 certo

234 2419 384 2454 cuidam
411 2419 495 2453 usui
520 2420 722 2453 verborum
746 2421 868 2466 magis
895 2425 998 2460 erat,
1033 2426 1074 2455 ut
1101 2423 1314 2462 Romanus,
1341 2426 1529 2462 assuetus,
1557 2428 1595 2455 ct

235 2491 352 2524 quum
380 2484 537 2525 uterque
563 2492 605 2514 ex
634 2492 707 2514 suae
730 2481 847 2514 aetatis
870 2481 1084 2515 notionibus
1112 2482 1158 2515 ad
1185 2482 1445 2526 antiquitatem
1474 2483 1594 2516 multa

236 2540 484 2583 transferret,
518 2541 697 2586 Dionysio
734 2541 890 2575 accessit
923 2553 1019 2576 nova
1050 2542 1283 2586 perturbatio
1309 2554 1352 2576 ex
1378 2544 1593 2576 Graecarum

237 2610 365 2633 rerum
393 2599 620 2646 imaginibus
645 2601 682 2634 in
711 2601 836 2636 animo
862 2602 1147 2644 inhaerentibus,
1184 2603 1232 2637 ob
1258 2613 1348 2648 quas
1374 2613 1593 2646 compagem

238 2660 403 2694 Romani
427 2660 577 2705 imperii
602 2672 646 2695 ex
669 2662 784 2696 variis
812 2664 992 2698 membris
1022 2664 1230 2704 coniuncti,
1258 2663 1362 2698 cuius
1389 2662 1483 2695 nibil
1514 2665 1595 2696 erat

236 2719 274 2754 in
301 2720 448 2755 Groecia
471 2721 609 2763 simile,
635 2723 746 2767 plane
771 2723 897 2758 animo
922 2724 1123 2768 complecti
1151 2736 1223 2758 non
1249 2727 1407 2769 poterat.
1464 2722 1594 2765 Itaque

241 2780 287 2813 tle
305 2780 373 2822 iis,
407 2781 472 2826 qui
495 2786 601 2817 extra
622 2782 743 2828 ipsam
767 2784 900 2818 urbem
927 2788 1055 2826 erant,
1089 2782 1425 2818 inconstantissimo
1452 2781 1594 2822 scribit,

242 2842 284 2873 ut
307 2850 349 2876 ex
374 2841 501 2878 multis
526 2843 705 2888 exemplis
729 2843 875 2892 patebit
898 2845 958 2879 vel
976 2844 1012 2880 in
1029 2845 1101 2881 hoc
1117 2857 1190 2880 uno
1209 2854 1346 2890 genere
1362 2842 1590 2876 colonorum.
