1981 3390
462 220 562 270 492

393 343 609 394 Itcfcecile
638 346 746 400 esst)
780 358 858 388 nec
890 352 1060 388 veteres
1093 345 1136 388 in
1170 344 1385 402 loquendo
1419 344 1640 399 curabant,
1671 348 1771 404 quid
1796 351 1841 391 in

395 423 519 464 libris
572 424 864 465 describendis
906 424 1153 480 ambiguum
1196 424 1292 466 fieri
1331 434 1491 481 posset.
1565 425 1658 467 Nec
1690 427 1844 467 desunt

394 508 550 555 praeter
592 500 711 541 locos
752 516 777 542 a
814 501 1040 542 wundero
1083 503 1332 543 emendatos
1373 504 1509 556 (praef.
1551 504 1642 545 cod.
1679 503 1769 544 Erf.
1798 518 1840 558 p.

393 580 448 620 58
471 578 580 632 sqq.)
615 586 656 617 et
688 592 776 628 eos,
809 591 913 632 quos
945 578 1142 618 Handius
1173 580 1322 618 citavit
1356 579 1566 634 <Tm-seu.
1598 581 1617 621 I
1655 595 1697 633 1».
1726 579 1843 636 489),

394 655 495 705 alii,
538 654 660 694 velut
693 654 815 695 Orat.
856 657 907 703 2,
941 657 969 694 6
1009 663 1049 694 et
1081 657 1131 705 8,
1171 656 1252 705 26,
1295 655 1370 694 ubi
1413 670 1472 696 ex
1512 659 1648 711 ipsius
1683 657 1842 698 Orellii

395 741 496 773 nota
526 731 578 771 ad
607 733 796 785 priorem
826 731 967 771 locum
1001 739 1200 786 apparet,
1236 747 1360 786 quam
1391 734 1669 785 pertinaciter
1696 729 1848 774 contra*

394 809 562 850 codices
596 808 850 849 defendatur
887 812 976 859 Al,
1009 810 1139 849 etiam
1178 810 1222 849 in
1257 808 1452 864 epistolis
1496 809 1548 850 ad
1587 809 1845 851 Familiares

395 894 543 928 contra
574 884 836 937 Mediceum,
869 887 981 941 quod
1014 885 1207 926 Orellius
1242 901 1372 941 quum
1406 901 1518 939 saepe
1553 886 1606 927 ab
1640 886 1754 928 Aldo
1780 888 1845 927 in-

393 965 566 1005 ductum
595 961 877 1014 confiteatur,
916 964 1057 1018 ”quod
1091 963 1311 1004 nonnullis
1354 978 1407 1004 ac
1453 969 1596 1005 lamen
1638 965 1843 1006 vitiosum

393 1041 655 1090 videretur?
689 1049 831 1080 tamen
865 1040 986 1080 nullo
1018 1040 1115 1080 loco
1150 1039 1317 1093 expelli
1349 1040 1458 1081 vult.

460 1119 463 1120 ⁷
513 1116 560 1158 C.
595 1118 677 1168 55,
709 1119 791 1158 117
824 1118 987 1158 editur:
1025 1116 1116 1164 Quo
1151 1117 1319 1171 quidem
1353 1122 1540 1171 {empore
1578 1119 1684 1172 qnid
1705 1132 1844 1173 popu-

391 1197 458 1237 lus
489 1195 711 1235 Romanus
741 1198 903 1234 sentire
935 1208 981 1235 se
1012 1195 1262 1245 ostenderit,
1292 1200 1474 1250 utroque
1502 1199 1549 1234 in
1575 1208 1739 1249 genere
1771 1196 1843 1235 de-

392 1275 603 1314 claratum
638 1278 724 1323 est,
746 1276 916 1326 primo,
961 1285 1111 1326 quum,
1152 1272 1302 1312 andito
1344 1273 1738 1322 senatusconsulto,
1772 1286 1845 1313 ore

390 1355 479 1405 ipsi
509 1356 638 1405 alque
668 1349 839 1389 absenti
865 1354 1041 1390 senatui
1059 1351 1243 1403 plausus
1280 1355 1346 1390 est
1373 1349 1426 1390 ab
1458 1353 1673 1390 universis
1704 1349 1844 1400 dulus,

390 1428 561 1478 deinde,
590 1440 715 1482 quum
748 1427 1019 1467 senatoribus
1050 1428 1234 1481 singulis
1266 1433 1501 1481 spectatum
1526 1441 1549 1467 e
1570 1433 1724 1468 senatu
1745 1426 1843 1467 red-

390 1505 601 1547 euntibus.
680 1504 896 1554 Primum,
938 1505 1050 1559 quod
1088 1513 1203 1545 certa
1243 1506 1354 1545 ratio
1389 1507 1670 1560 grammatica
1701 1506 1844 1559 requi-

388 1585 468 1633 rit,
509 1581 773 1630 ostenderet,
818 1590 882 1621 est
914 1582 958 1621 in
990 1582 1081 1621 cod.
1116 1582 1212 1622 Par.
1247 1580 1428 1636 (Nang.)
1463 1590 1505 1621 et
1533 1581 1692 1622 Bernn.
1755 1579 1842 1621 Ne-

391 1675 472 1716 que
502 1659 553 1699 ad
592 1659 700 1698 hanc
732 1666 972 1712 temporum
1004 1660 1348 1698 coniunctionem
1382 1657 1476 1708 <ubi
1507 1673 1532 1698 a
1569 1658 1704 1699 verbo
1736 1672 1841 1713 prae-

388 1739 507 1778 teriti
540 1737 745 1790 temporis
779 1736 961 1789 pendet,
1005 1735 1217 1787 particula
1249 1737 1562 1790 interrogativa
1601 1737 1844 1785 interiecta,

389 1814 571 1855 verbum
617 1813 828 1852 actionem
881 1812 1099 1863 eiusdem,
1153 1813 1204 1852 ad
1250 1813 1358 1867 qnod
1402 1812 1540 1853 altero
1585 1811 1718 1852 verbo
1757 1813 1843 1853 iam

388 1893 556 1932 animus
587 1898 816 1930 revocatus
849 1897 940 1939 est,
973 1891 1176 1944 temporis
1202 1890 1433 1941 indicans,)
1465 1889 1555 1930 ullo
1587 1890 1712 1930 modo
1746 1904 1842 1942 per--

389 1970 550 2018 tinent,
598 1982 691 2022 quae
734 1967 928 2008 Orellius
969 1968 1020 2007 de
1050 1968 1242 2020 perfecto
1275 1982 1405 2008 unum
1439 1976 1601 2008 certum
1635 1969 1841 2022 temporis

387 2054 650 2087 momentum
679 2046 895 2085 indicante
931 2043 984 2084 ab
1009 2059 1089 2084 usu
1121 2045 1344 2086 indicativi
1376 2054 1448 2086 aut
1482 2060 1507 2086 a
1530 2045 1720 2100 perfecto
1741 2059 1841 2086 con-

386 2125 567 2164 iunctivi
597 2132 694 2178 post
725 2129 772 2162 ut
801 2122 1016 2176 singulari
1060 2123 1185 2164 modo
1226 2123 1440 2164 interdum
1482 2125 1622 2178 posito
1663 2123 1716 2163 ad
1749 2122 1840 2163 haec

386 2201 628 2251 transtulit,
662 2202 801 2254 (quasi
835 2202 929 2255 quis
966 2215 1043 2255 pro
1076 2215 1152 2251 eo,
1189 2201 1302 2256 quod
1335 2208 1423 2241 est:
1479 2201 1594 2251 vicli,
1637 2200 1839 2254 quemad-

387 2280 551 2318 modum
603 2278 801 2328 caderet,
850 2278 987 2318 dicat:
1038 2279 1154 2329 vidi,
1199 2278 1545 2332 quemadmodum
1597 2279 1836 2330 ceciderit).

385 2355 528 2397 Unum
557 2354 661 2394 mihi
696 2356 905 2403 occurrit,
951 2369 1033 2407 quo
1074 2356 1136 2394 uti
1179 2355 1335 2408 aliquis
1382 2356 1433 2394 ad
1479 2354 1715 2407 perfectum
1757 2354 1838 2393 hoc

383 2431 479 2473 loco
519 2430 832 2471 defendendum
884 2431 1046 2484 possit,
1085 2428 1362 2483 exemplum,
1408 2444 1484 2484 pro
1527 2428 1665 2471 Balbo
1703 2432 1751 2481 1,
1784 2432 1834 2470 2:

391 2508 491 2556 (216oe
507 2509 661 2558 ,fuerit
686 2506 882 2547 hesterno
918 2507 988 2547 de'e
1024 2506 1099 2547 Cn.
1120 2507 1315 2560 Pompeio·
1340 2511 1542 2561 gracilem
1567 2511 1612 2547 in
1638 2508 1835 2557 dicendo,

384 2588 574 2636 iudices,
618 2600 707 2640 qum
726 2585 954 2635 facultas,
1000 2596 1092 2639 quae
1136 2588 1284 2637 copia,
1327 2598 1411 2624 non
1457 2588 1658 2637 opimone
1699 2589 1838 2625 {aella

385 2671 618 2705 res-[rorum
661 2668 922 2712 animorum,
968 2662 1045 2702 sed
1073 2665 1308 2716 perspicua
1355 2662 1644 2703 adnm-attone
1689 2662 1833 2703 decla-

384 2746 478 2782 rarc'
517 2742 757 2782 videbatur.
824 2741 907 2782 Sed
946 2741 988 2780 in
1029 2754 1078 2780 co
1125 2739 1221 2779 loco
1260 2748 1403 2780 orator
1443 2742 1505 2781 sic
1539 2740 1702 2781 orditur
1741 2748 1833 2780 tan-

383 2834 508 2874 quam
539 2821 590 2861 de
623 2819 808 2869 iudicio,
841 2819 953 2875 quod
986 2832 1096 2859 nunc
1131 2818 1210 2866 sit,
1243 2817 1457 2865 dicun-1183
1491 2826 1533 2859 et
1566 2831 1616 2859 eo
1648 2817 1833 2858 refertur
