1981 3390
454 171 520 219 46

394 304 489 331 esse
520 289 671 345 possit.
728 287 894 330 Verum
927 285 1046 328 nulla
1070 296 1208 342 poetae
1238 285 1365 342 culpa
1391 294 1456 327 est
1474 299 1553 327 nec
1570 299 1640 327 res
1662 287 1839 328 incerta.

394 367 672 423 Nampneque
699 367 745 408 in
761 365 892 407 Creta
919 379 1057 419 neque
1083 366 1128 405 in
1155 366 1336 416 caeteris,
1370 378 1462 420 quae
1488 372 1842 415 commemorant,

396 445 501 486 locis
531 453 686 501 praeter
720 443 906 485 Tarsum
938 442 1066 482 huius
1099 441 1258 483 fabulae
1290 444 1524 498 vestigium
1556 442 1668 497 apud
1695 456 1842 495 quem-

397 537 524 578 quam
551 531 746 563 veterum
770 519 1157 576 deprehendimus3
1187 521 1423 572 (diversum
1452 529 1518 561 est
1548 521 1678 570 enim,
1705 521 1844 576 Pega-

353 606 359 612 “
397 615 493 642 sum
506 598 734 640 devolasse
753 600 797 638 in
811 597 998 653 aliquem
1010 597 1153 639 locum
1175 608 1248 640 aut
1271 598 1433 640 alicubi
1452 599 1720 651 inventum);
1755 612 1845 638 cer-

396 687 485 718 tam
520 677 667 717 sedem
700 675 888 717 habebat
928 676 971 715 in
1003 675 1141 716 nobili
1173 676 1456 717 Tarsensium
1488 676 1594 717 urbe
1634 677 1686 716 ad
1705 679 1845 730 ripam

402 754 540 809 Cydni
557 756 715 810 posita,
745 755 866 794 cuius
893 767 1049 794 nomen
1061 753 1315 808 plerumque
1332 755 1545 809 originem
1560 753 1720 794 habere
1734 755 1846 794 fere-

403 832 526 874 batur
560 847 584 872 a
614 831 759 888 ’ζαρσῷ
791 831 952 886 Pegasi
992 831 1194 886 delapso,
1238 846 1365 887 quem
1405 831 1483 872 alii
1525 832 1728 886 pinnam,
1769 831 1846 873 alii

400 910 610 966 ungulam
638 908 1048 964 interpretabantur,
1080 922 1338 964 quamquam
1369 909 1567 950 variabat
1596 911 1737 960 fama,
1768 924 1847 964 pro

401 987 739 1043 Bellerophonte
772 986 871 1027 aliis
898 987 1105 1027 Perseum
1137 995 1179 1027 et
1217 1002 1296 1042 pro
1332 987 1477 1044 «ταρσῷ
1504 987 1663 1043 Pegasi
1696 987 1850 1028 talaria

402 1066 554 1107 Persei
595 1063 1032 1106 commemorantibus
1077 1064 1183 1115 (vid.
1223 1064 1406 1119 Dionys.
1440 1065 1612 1120 Perieg.
1639 1067 1723 1106 869
1758 1080 1853 1120 sqq.

405 1152 448 1185 et
474 1142 549 1184 -ibi
590 1142 788 1183 Eustath.
828 1142 989 1183 Avien.
1021 1144 1132 1182 1033
1166 1156 1257 1197 sqq.
1300 1142 1451 1197 steph.
1481 1141 1660 1196 Byzant.
1695 1158 1737 1198 p.
1770 1145 1853 1183 6:38

408 1222 474 1262 ed.
512 1221 608 1261 Pin.
650 1229 692 1260 et
733 1233 838 1274 quos
878 1218 1056 1259 Cramer
1099 1219 1153 1259 ad
1186 1218 1322 1259 schol.
1364 1218 1516 1259 Iuven.
1550 1217 1734 1273 citavit).
1790 1219 1855 1260 Ea

406 1299 542 1353 igitur
575 1296 678 1338 urbs
710 1296 811 1351 quin
844 1304 961 1336 recte
992 1310 1018 1336 a
1046 1295 1283 1336 scholiasta
1315 1303 1358 1335 et
1386 1304 1484 1350 post
1513 1310 1612 1336 eum
1643 1295 1741 1337 aliis
1774 1296 1858 1338 hoc

407 1375 505 1416 loco
529 1373 754 1415 intellecta
775 1374 846 1425 sit,
875 1372 1065 1415 dubitari
1090 1375 1252 1429 nequit.
1311 1373 1498 1415 Obstare
1516 1375 1687 1415 videtur
1699 1374 1876 1415 Dionis'

410 1453 551 1494 Cassii
582 1453 891 1501 testimonium,
923 1452 996 1506 qui
1026 1453 1113 1502 (62,
1144 1452 1200 1490 26
1225 1466 1268 1505 p.
1298 1452 1408 1491 1022
1436 1451 1596 1504 Reim.)
1624 1452 1859 1508 Egnatium

409 1530 559 1585 Beryti
589 1532 635 1570 in
670 1530 795 1584 Syria
836 1537 984 1569 natum
1024 1529 1179 1579 tradit,
1221 1536 1264 1569 et
1296 1528 1510 1581 obstaret,
1552 1531 1590 1570 si
1622 1529 1860 1582 Iuvenalis,

412 1608 526 1664 quod
569 1606 702 1662 vulgo
744 1615 921 1662 putant,
962 1608 1146 1661 patriam
1182 1615 1224 1646 et
1257 1607 1399 1647 natale
1430 1607 1572 1649 solum
1603 1609 1860 1657 indicasset3

413 1687 487 1728 sed
531 1687 568 1726 is
615 1684 745 1726 Tarsi
787 1686 1019 1735 nutritum,
1062 1685 1106 1725 id
1149 1692 1238 1736 est,
1288 1685 1515 1726 educatum
1559 1695 1602 1727 et
1644 1688 1859 1728 eruditum

413 1765 539 1815 dicit,
579 1777 663 1804 non
706 1771 869 1803 natum.
921 1749 1104 1805 ‘Scimus
1140 1764 1280 1814 enim,
1314 1762 1443 1804 Tarsi
1481 1766 1672 1805 omnium
1702 1764 1862 1805 libera-

414 1842 520 1882 lium
547 1840 897 1896 disciplinarum‚
928 1842 1244 1896 grammaticae,
1277 1840 1527 1893 rhetoricae,
1560 1842 1862 1898 philosophiae,

415 1920 558 1960 studia
590 1927 633 1960 et
663 1918 834 1959 scholas
873 1918 963 1959 illis
998 1918 1266 1974 temporibus
1297 1927 1520 1975 tantopere
1552 1919 1777 1971 floruisse,
1816 1928 1865 1960 ut

419 2013 472 2038 ea
502 1997 630 2038 laude
662 1996 861 2038 Athenas
895 1996 988 2037 fere
1023 2005 1065 2037 et
1093 1996 1411 2038 Alexandriam
1447 2005 1696 2051 superaret3
1742 1999 1864 2038 ouius

416 2078 480 2118 roi
513 2077 635 2117 testis
677 2083 741 2116 est
772 2073 928 2116 Strabo
968 2073 1063 2115 loco
1096 2073 1366 2115 memorabili
1396 2090 1438 2129 p.
1470 2076 1553 2115 673
1583 2090 1698 2131 sqq.,
1744 2077 1865 2116 cuius

420 2163 615 2195 extrema
649 2153 700 2193 de
731 2152 811 2193 hac
842 2167 889 2193 re
919 2151 1053 2193 verba
1083 2154 1259 2207 (p.6'76)
1293 2151 1375 2191 huc
1402 2154 1748 2206 transscripsisse
1779 2167 1864 2193 non

421 2231 609 2272 alienum
635 2231 738 2270 crit:
781 2223 991 2272 ,Μάλιστα
1015 2229 1060 2271 δὲ·
1093 2224 1122 2283 ἦ
1153 2223 1313 2284 Ῥώμη
1344 2223 1530 2271 δύναται
1561 2224 1786 2274 διδάσκειν
1813 2225 1865 2272 τό

423 2309 605 2365 πλῆθος
644 2307 732 2350 τῶν
765 2301 814 2349 ἐκ
853 2306 986 2363 τῆσδε
1018 2305 1097 2361 τῆς
1135 2301 1306 2354 πόλεως
1343 2300 1606 2363 φιλολόγων.
1684 2307 1753 2347 Ex
1800 2306 1867 2347 his

422 2390 584 2445 igitur,
626 2387 697 2441 qui
745 2384 874 2426 Tarsi
925 2385 1082 2426 eruditi
1130 2385 1312 2426 Romam
1361 2384 1661 2434 confluebant,
1705 2384 1868 2425 Graecis

425 2467 562 2508 doctis
603 2479 735 2505 unum
769 2472 964 2504 tenemus
993 2463 1225 2519 Egnatium
1256 2461 1472 2514 Celerem,
1515 2477 1574 2504 ex
1602 2464 1742 2518 patria
1771 2477 1869 2518 pro·

425 2546 587 2601 pinqua
617 2558 668 2583 eo
702 2543 896 2583 missum.

548 2621 763 2663 Maiorem
803 2619 934 2676 longe
978 2617 1291 2660 dubitationem
1326 2618 1436 2660 alter
1479 2617 1600 2659 locus
1637 2616 1792 2667 habet,
1824 2617 1868 2656 in

431 2715 515 2754 quo
548 2699 886 2741 dissentiendum
919 2698 1024 2739 mibi
1057 2707 1120 2739 est
1155 2697 1207 2738 ab
1242 2697 1417 2738 homine
1448 2695 1701 2744 clarissimo,
1734 2694 1870 2735 Hein-

427 2778 579 2820 richio.
657 2776 808 2835 Neque
839 2779 980 2828 enim,
1013 2791 1106 2832 quae
1139 2775 1192 2818 ab
1227 2789 1278 2816 eo
1312 2775 1365 2815 de
1396 2775 1538 2816 satirae
1571 2775 1719 2829 prima}
1747 2788 1788 2814 v.
1815 2774 1872 2813 36
