1981 3390
1426 222 1520 273 173

141 341 299 395 digna,
346 354 476 397 quum
509 353 594 382 una
625 353 696 381 res
725 348 928 395 sequatur
951 342 1018 392 ι),
1047 340 1201 382 deinde
1231 341 1324 394 ipsa
1353 345 1584 394 sententia,

141 418 460 459 accommodata
507 417 560 457 ad
617 416 698 456 hoc
746 417 1011 468 membrum,
1073 418 1195 472 quasi
1245 417 1387 457 minus
1436 420 1583 471 priora

139 494 271 549 digna
313 495 561 535 sanciantur
600 491 680 533 tali
723 492 911 544 scelere,
953 503 1065 544 tum,
1108 507 1192 548 quo
1232 493 1392 533 indicio
1434 495 1581 534 nescio

139 585 223 625 quo
259 561 401 610 'modo
453 569 592 611 multa
637 571 723 610 iam
776 571 959 619 menda,
1015 569 1114 609 aliis
1158 571 1287 609 etiam
1328 571 1442 610 notis
1481 584 1581 610 con-

136 647 275 696 victa,
308 648 509 702 coargui,
540 645 830 687 membrorum
861 648 1069 687 orationis
1090 647 1332 687 coniunctio
1357 644 1580 687 Ciceronis

136 730 178 763 et
210 724 304 763 eius
337 723 566 778 {equalium
597 724 695 762 usui
727 737 997 778 repugnans,
1031 725 1143 763 inter
1164 723 1247 763 duo
1274 723 1420 777 priora
1443 721 1579 763 verba

136 812 190 840 ex
237 798 375 839 tribus
420 814 542 855 aeqno
589 800 738 839 ordine
771 801 924 854 positis
964 802 1147 849 omissa,
1191 807 1290 840 ante
1335 806 1580 839 extremum

134 877 277 931 posita
325 876 539 929 particula
582 882 625 916 et
677 875 923 929 (adiungit,
975 875 1217 916 circumdat
1254 880 1295 914 et
1339 878 1500 928 sancte)
1519 873 1577 929 2).

133 951 240 993 Haee
282 954 426 992 omnia
472 951 742 992 incommoda
785 950 1024 991 Lambinus
1068 949 1244 990 sustulit
1285 951 1578 1004 optimamque

133 1029 392 1069 sententiam
434 1029 581 1068 effecit
621 1041 708 1068 una
750 1027 877 1068 litera
909 1025 1128 1081 duplicata
1161 1025 1392 1080 verbisque
1423 1024 1579 1066 melius

134 1105 348 1147 distinctis
394 1105 459 1156 (et
499 1103 657 1158 dignus
699 1104 860 1144 scelere
896 1102 1109 1144 komimcm
1139 1101 1435 1156 perdz'tormn3
1477 1115 1578 1143 sau-

133 1185 197 1222 cit
226 1181 340 1234 etc.).
402 1180 558 1222 Altera
600 1181 670 1222 hic
705 1180 1081 1222 commemoranda
1112 1188 1177 1220 est
1214 1178 1458 1220 emendatio
1492 1179 1578 1220 loci

130 1260 176 1299 in
208 1257 398 1312 Philipp.
428 1258 602 1298 secund.
633 1259 712 1306 38,
753 1260 823 1307 9²7,
857 1271 984 1312 quam
1018 1271 1148 1311 quum
1181 1258 1274 1311 ipse
1303 1246 1578 1310 reperissem,

131 1343 284 1390 postea
316 1334 604 1374 animadverti
635 1335 820 1388 positam
851 1347 947 1373 esse
979 1335 1091 1373 inter
1119 1347 1192 1373 eas
1214 1332 1440 1381 lectiones,
1472 1344 1578 1386 quas

133 1411 329 1452 Orellius
373 1425 432 1452 ex
467 1410 673 1465 exemplo
706 1409 851 1464 aliquo
893 1410 1095 1450 editionis
1122 1409 1412 1464 Naugerianae
1445 1408 1580 1448 edidit

133 1487 261 1529 Tom.
309 1487 352 1527 ΙΙ
396 1502 437 1542 p.
476 1488 505 1526 2
536 1501 576 1541 p.
607 1489 688 1526 611
723 1500 815 1540 sqq.
848 1487 1064 1541 Scriptum
1095 1494 1205 1526 erat:
1262 1483 1379 1532 Quid
1413 1498 1491 1539 ego
1525 1485 1579 1524 de

131 1566 447 1605 commentariis·
494 1561 710 1611 infinitis,
762 1563 868 1616 qen‘d
908 1562 961 1602 de
1002 1561 1385 1602 innumerabilibus
1436 1559 1576 1600 chiro-

125 1639 307 1695 graphis
347 1640 536 1693 loquar?
584 1652 761 1693 quorum
800 1642 930 1679 etium
960 1641 1201 1678 incitatores·
1229 1643 1353 1687 sunt,
1398 1641 1477 1692 qui
1507 1651 1575 1688 ea,

129 1723 343 1772 tamquam
375 1716 671 1770 glaclc‘cetorum
697 1714 878 1765 libellos,
906 1716 1053 1769 palam
1079 1715 1314 1755 venditent.
1380 1715 1465 1756 Sed
1483 1728 1576 1769 quae

130 1795 187 1835 sit
220 1795 306 1834 ista
335 1794 548 1842 imitatio,
586 1792 670 1833 dici
701 1793 864 1847 nequit.
935 1791 1156 1833 Falsarios
1188 1791 1462 1846 intelligunt,
1503 1793 1578 1846 qui

129 1879 286 1926 praeter
326 1885 401 1921 ea,
451 1883 544 1924 quae
576 1868 630 1910 ab
668 1868 862 1910 Antonio
895 1852 1235 1924 proferrenturs
1257 1866 1345 1908 alia
1376 1868 1578 1909 fabricati

155 2024 194 2066 ¹)
219 2024 301 2058 Non
324 2023 378 2057 ita
403 2023 499 2063 dixi,
525 2022 630 2066 quasi
655 2021 770 2056 scribi
795 2021 959 2064 potuerit
987 2022 1152 2066 dignum,
1179 2022 1276 2065 quod
1301 2021 1477 2054 Latinum
1505 2032 1578 2055 non

227 2088 303 2124 θείς
339 2094 453 2126 quum
479 2082 578 2114 enim
602 2082 680 2114 haec
705 2081 752 2114 sit
777 2081 991 2115 huiusmodi
1026 2081 1184 2125 duplicis
1213 2081 1350 2114 obiecti
1383 2080 1578 2123 (adiectivi

221 2143 283 2176 vel
310 2141 532 2175 substantivi
569 2146 604 2175 et
629 2141 817 2174 sententioe
850 2152 916 2185 per
946 2141 1245 2175 coniunctionem
1271 2142 1438 2184 adnexae)
1466 2141 1578 2180 ratio,

223 2206 265 2236 ut
300 2202 483 2246 posterius
520 2213 586 2246 per
617 2201 838 2245 cpexegesin
875 2201 990 2246 priori
1025 2202 1319 2246 superaddatur,
1362 2200 1464 2245 prius
1500 2201 1578 2234 tale

221 2263 333 2296 debet
357 2273 457 2302 esse,
498 2267 538 2295 ut
566 2273 632 2305 per
657 2272 696 2294 se
724 2261 846 2294 solum
872 2261 944 2294 dici
973 2262 1099 2305 possit.
1158 2261 1288 2304 Itaque
1314 2264 1379 2293 aut
1403 2259 1580 2292 adiectivi

223 2321 383 2366 pluralis
419 2321 592 2366 ponitur,
635 2325 812 2364 sequente
853 2320 1090 2364 singularum
1123 2331 1249 2353 rerum
1285 2318 1577 2359 enumeratione,

223 2386 290 2415 aut
314 2381 611 2422 substantivum3
647 2391 756 2414 nemo
785 2380 881 2414 enim
912 2379 1002 2414 dicit
1029 2380 1146 2413 sancit
1171 2380 1322 2424 dignum
1351 2380 1485 2413 scelere
1510 2390 1578 2424 pro

222 2451 290 2480 eo,
317 2442 413 2485 quod
444 2446 520 2475 est:
550 2441 668 2474 sancit
690 2453 764 2474 rem
790 2442 940 2485 dt'gnam
964 2441 1108 2474 scelere.

159 2501 199 2544 ²)
224 2501 280 2534 De
305 2501 377 2534 hoc
403 2512 494 2542 usu,
521 2501 602 2544 (qui
627 2502 725 2545 apud
751 2501 970 2535 Ciceronem
988 2501 1136 2545 quidem
1155 2512 1226 2535 non
1245 2512 1358 2546 paene,
1385 2502 1446 2533 sed
1465 2501 1576 2544 plane

224 2565 427 2605 perpetuus
451 2565 525 2602 est,
550 2572 618 2594 nec
643 2562 690 2594 ad
715 2561 948 2596 substantiva
973 2561 1093 2606 magis
1120 2573 1231 2606 quam
1257 2562 1304 2595 nd
1330 2560 1513 2594 adiectiva
1540 2563 1576 2592 et

225 2621 342 2654 verba
376 2621 558 2665 pertinet,
597 2623 707 2655 modo
743 2632 787 2656 ea
822 2622 870 2656 sit
904 2622 1161 2656 membrorum
1197 2620 1427 2660 coniunctio,
1464 2628 1576 2662 quam

228 2680 337 2723 dixi)
370 2681 521 2726 exposui
555 2681 591 2715 in
619 2682 735 2726 Epist.
771 2681 853 2716 crit.
888 2682 934 2715 de
967 2687 1076 2716 oratt.
1105 2683 1210 2716 verr.
1238 2695 1273 2726 p.
1307 2680 1374 2720 39,
1409 2679 1575 2723 append.

225 2740 361 2785 disput.
390 2741 435 2774 dc
464 2741 597 2775 Ancon.
623 2742 713 2776 Ped.
741 2754 775 2787 p.
807 2741 829 2777 8
853 2746 889 2778 et
912 2754 947 2788 p.
972 2741 1037 2785 35,
1064 2742 1172 2778 Praef.
1201 2743 1287 2779 edit.
1317 2740 1433 2776 Oratt.
1463 2735 1573 2771 duod·

230 2811 266 2843 p.
291 2799 419 2844 (huius
444 2801 635 2846 editionis)
659 2801 738 2837 134.
