1981 3390
1473 239 1539 288 89

152 364 333 418 originis
362 362 510 404 literas
545 360 717 411 dicunt,
774 358 886 416 quod
924 371 1072 400 verum
1105 368 1191 409 est,
1242 361 1279 399 si
1309 359 1370 399 ita
1399 357 1607 414 intelligi-

152 452 246 492 tur,
307 455 392 482 non
426 440 523 480 ideo
557 438 730 494 placere
769 451 854 479 non
894 439 1117 493 potuisse,
1177 436 1290 492 quod
1335 450 1483 478 earum
1517 444 1607 476 tota

153 519 292 560 forma
322 533 347 559 a
376 518 641 573 proprietate
672 515 823 572 populi
857 530 1034 571 prorsus
1068 514 1358 565 abhorruerit,
1391 514 1466 554 sed
1494 513 1607 569 quod

154 611 282 638 nemo
328 596 560 652 quidquam
599 593 730 651 plane
773 596 886 635 intra
926 608 974 634 se
1013 595 1195 649 recipiat
1237 608 1286 634 ac
1326 606 1414 634 suoe
1445 600 1608 632 naturae

157 675 391 730 adiungat,
434 674 546 730 quod
578 682 667 715 tum
701 675 742 714 ei
774 673 922 723 detur,
962 687 1092 728 quum
1122 672 1311 713 nondum
1341 679 1610 726 pra-paratus

155 754 236 803 sit,
267 754 351 794 etsi
384 753 496 793 idem
532 751 620 793 alio
649 760 841 807 tempore
877 760 1130 807 accepturus
1157 749 1286 792 facile
1313 758 1613 806 essen-quum

157 829 320 886 aliquid
351 831 444 886 ipsc
479 831 681 880 afferret,
741 831 809 870 cui
839 830 880 869 id
913 829 1217 869 aedhaerescere
1247 836 1408 884 posset.
1495 826 1611 868 Tum

158 921 263 949 vero
307 921 366 949 ex
411 906 624 962 singulari
673 906 753 947 hac
797 905 1022 946 literarum
1066 907 1466 961 antiquissimarum
1500 905 1614 960 apud

157 985 376 1027 Romanos
406 985 575 1025 ratione
603 979 769 1024 'factum
801 991 892 1033 est,
957 991 1005 1024 ut
1037 983 1151 1039 apud
1192 997 1267 1024 eos
1306 985 1518 1023 maturius
1562 997 1613 1023 ea

157 1063 396 1103 studiorum
431 1076 594 1118 genera
626 1070 934 1114 nascerentur,
994 1076 1088 1117 quae
1118 1061 1230 1117 apud
1260 1059 1434 1102 Graecos
1464 1061 1614 1101 literas

157 1139 328 1182 adultas
359 1149 402 1182 et
435 1148 650 1182 vetustate
679 1139 980 1181 corroboratas
1011 1141 1214 1181 comitata
1244 1148 1359 1191 sunt,
1390 1139 1442 1180 de
1475 1138 1615 1180 literis

159 1233 393 1275 earumque
425 1233 555 1274 quum
595 1227 748 1259 natura
779 1218 1099 1275 generibusque
1141 1227 1184 1259 et
1216 1218 1367 1266 formis
1402 1227 1491 1258 tum
1525 1231 1615 1258 mo-

160 1298 378 1338 numentis
415 1305 458 1337 et
501 1296 684 1337 historia
721 1296 937 1352 sinmlque
981 1297 1033 1338 de
1075 1310 1274 1337 sermone
1307 1296 1542 1351 disputatio
1576 1303 1619 1336 et

161 1375 329 1415 erudita
359 1376 565 1430 quaestio,
608 1388 788 1430 quaeque
817 1384 940 1416 erant
972 1383 1117 1416 cetera
1150 1374 1263 1429 apud
1297 1382 1468 1414 veteres
1501 1375 1616 1414 criti-

161 1467 308 1494 corum
340 1462 383 1493 et
410 1454 790 1508 grammaticorum
822 1453 1023 1508 propria3
1079 1452 1132 1492 ad
1166 1466 1346 1507 quorum
1379 1453 1517 1506 ipsam
1551 1467 1618 1493 ar-

160 1540 245 1572 tem
267 1531 601 1586 disputandique
622 1544 761 1585 genus
785 1544 870 1571 non
898 1530 1160 1571 mediocrem
1183 1530 1297 1584 apud
1319 1529 1502 1570 Latinos
1528 1531 1617 1571 vim

162 1607 367 1650 habuisse
383 1609 568 1660 videtur,
593 1609 704 1664 quod
718 1623 803 1649 non
828 1607 1113 1664 multiplicem
1136 1622 1261 1649 usum
1283 1606 1618 1663 liberrimosque

161 1688 437 1743 ingeniorum
481 1696 678 1738 conatus,
716 1701 770 1728 ne
807 1685 995 1742 amplam
1032 1686 1205 1742 quidem
1240 1695 1618 1728 monumentorum

101 1794 105 1797 -
166 1767 391 1807 materiam
427 1765 516 1807 haec
555 1765 699 1806 studia
735 1763 967 1806 subsecuta
990 1769 1115 1814 su'nt3
1149 1765 1387 1820 eodemque
1418 1767 1621 1820 pertinet,

164 1844 278 1900 quod
308 1844 421 1900 apud
449 1843 693 1895 Romanos,
725 1845 762 1884 si
793 1859 818 1885 a
848 1843 1073 1885 literarum
1101 1844 1239 1884 initiis
1257 1852 1438 1898 *tempus
1472 1857 1619 1884 nume-

163 1936 335 1973 ramus,
394 1923 606 1963 maturius
647 1921 784 1964 multo
825 1937 954 1978 quam
995 1922 1108 1976 apud
1140 1920 1314 1962 Graecos
1361 1922 1444 1975 ipsi
1477 1934 1620 1961 rerum

166 2007 387 2054 gestarum
421 2001 660 2041 narrationi
700 2000 948 2040 adiunctum
989 2006 1056 2039 est
1093 1997 1314 2053 peculiare
1348 1999 1623 2053 antiquorum

169 2078 466 2116 institutorum
504 2079 752 2132 rituumque
792 2075 1191 2132 cognoscendorum
1233 2084 1276 2117 et
1317 2075 1622 2118 describendo-

167 2167 261 2195 rum
309 2154 513 2195 studium.
598 2153 727 2196 Nune
769 2155 942 2210 quidem
984 2162 1226 2210 temporum
1275 2155 1434 2195 iniuria
1481 2157 1621 2212 magis

169 2233 299 2273 etiam
338 2239 487 2287 patere
532 2232 702 2274 videtur
733 2232 825 2274 haec
855 2231 1103 2281 Graecarum
1145 2232 1486 2289 Latinarumque
1526 2233 1625 2275 lite-

167 2324 312 2352 rarum
341 2310 598 2361 diversitas,
650 2311 788 2366 quod,
837 2312 1008 2352 amissis
1037 2312 1276 2367 superioris
1307 2312 1446 2352 aetatis
1476 2326 1626 2354 monu-

168 2389 353 2440 mentis,
415 2389 454 2429 si
489 2403 515 2429 a
545 2386 723 2430 Catonis
762 2389 814 2430 de
847 2388 1116 2445 agricultura
1154 2388 1309 2431 libello
1349 2390 1625 2444 discedimus,

168 2481 334 2518 eorum,
370 2481 551 2524 quorum
582 2481 713 2522 opera
741 2482 873 2524 prosa
905 2469 1103 2510 oratione
1132 2469 1295 2524 scripta
1325 2478 1518 2522 exstant,
1549 2485 1624 2512 an-

167 2547 438 2602 tiquissimus
460 2544 604 2587 Varro
634 2554 715 2598 est,
742 2549 1014 2603 grammatici
1047 2548 1192 2601 operis
1226 2556 1389 2589 auctor.
1449 2549 1625 2605 Augent

170 2632 317 2666 autem
347 2625 412 2666 rei
441 2623 797 2676 admirationem,
850 2627 922 2682 qui
948 2625 1200 2678 literarum,
1251 2640 1344 2682 quae
1372 2635 1470 2668 ante
1502 2626 1624 2668 Cice-

168 2703 287 2744 ronis
319 2710 490 2744 aetatem
519 2702 717 2756 fuerunt,
767 2702 959 2746 historiae
990 2706 1252 2763 imaginem,
1306 2714 1354 2747 ut
1387 2705 1434 2746 fit
1461 2705 1549 2746 fere
1580 2706 1623 2746 in

172 2781 226 2820 iis
255 2779 519 2837 temporibus
550 2781 918 2838 contemplandis,
983 2798 1164 2839 quorum
1207 2800 1305 2826 rara
1347 2792 1624 2825 monumenta

175 2865 361 2908 exstant,
390 2861 518 2900 nimis
549 2860 822 2913 contrahunt,
857 2876 935 2904 nec
972 2863 1334 2913 animadvertunt,
1369 2862 1513 2916 plures
1546 2861 1623 2904 illo
