1981 3390
1479 251 1578 303 305

848 853 969 917 lx.

266 1016 355 1071 De
393 1017 612 1088 aliquot
650 1015 870 1069 lacunis
917 1015 1179 1070 codicum
1221 1014 1480 1071 Lucretii
1513 1016 1580 1085 ¹).

190 1195 496 1282 Enarrabam
542 1240 746 1295 proxima
786 1239 928 1280 hieme
970 1239 1132 1282 scholis
1176 1242 1434 1284 academicis
1477 1251 1645 1299 partem

191 1318 386 1358 Lucretii
431 1319 634 1358 carminis
677 1317 729 1356 de
772 1331 914 1357 rerum
961 1325 1128 1358 natura.
1203 1319 1253 1360 In
1287 1335 1338 1360 ea
1370 1323 1645 1362 enarratione

192 1409 306 1450 saepe
339 1395 543 1436 admirari
577 1393 765 1443 subibat,
799 1403 1063 1449 quantopere
1095 1398 1492 1438 recentissimorum
1517 1398 1646 1438 huius

191 1474 335 1526 operis
379 1473 592 1512 editorum
635 1480 677 1512 et
717 1473 999 1523 interpretum
1040 1487 1182 1526 operae
1223 1475 1267 1514 in
1311 1473 1441 1515 rebus
1473 1484 1646 1516 senten-

188 1550 346 1604 tiisque
382 1547 656 1604 explicandis
686 1557 917 1603 praestaret,
943 1562 1029 1589 non
1063 1550 1204 1590 solum
1223 1550 1425 1606 Dionysii
1441 1552 1646 1594 Lambini

188 1626 399 1666 industria
433 1634 476 1666 et
507 1625 726 1674 doctrina,
774 1625 850 1665 sed
883 1627 1014 1666 etiam
1045 1625 1130 1667 Th.
1161 1626 1386 1679 Creechii,
1421 1631 1504 1670 viri
1536 1630 1644 1671 alio-

189 1705 291 1759 quin
322 1717 406 1744 non
437 1702 711 1744 subtilissimi
742 1703 910 1757 ingenii
946 1717 1026 1744 nec
1067 1718 1232 1760 magnae
1275 1706 1556 1758 eruditionis,
1600 1708 1645 1747 in

190 1781 495 1835 disputationis
515 1780 663 1820 ordine
684 1781 982 1835 persequendo
1001 1791 1200 1822 accurata
1220 1782 1463 1837 diligentia,
1495 1799 1643 1839 quam-

190 1873 272 1913 que
303 1857 415 1899 falso
447 1858 581 1913 vulgo
616 1866 658 1898 et
692 1856 745 1897 ab
777 1856 1014 1898 editoribus
1060 1867 1102 1898 et
1140 1850 1193 1899 ab
1239 1859 1338 1899 aliis
1381 1861 1644 1911 crederetur,

191 1937 489 1976 recentissimo
530 1944 722 1990 tempore
764 1936 808 1974 in
850 1935 1130 1975 emendandis
1174 1945 1217 1975 et
1253 1936 1305 1976 ad
1349 1938 1645 1990 integritatem

190 2013 448 2053 revocandis
491 2011 687 2051 Lucretii
735 2010 878 2050 verbis
928 2011 1190 2064 permultum
1243 2012 1483 2066 profectum
1532 2028 1644 2065 esse,

193 2090 386 2129 maxime
430 2087 483 2128 G.
524 2087 810 2129 Wakefieldii
852 2088 1006 2128 studiis
1025 2090 1083 2137 2).
1170 2087 1212 2128 Is
1259 2091 1373 2130 enim
1419 2105 1549 2144 quum
1598 2094 1643 2132 in

193 2165 476 2220 scriptoribus
508 2164 670 2206 Graecis
705 2165 882 2206 edendis
922 2166 1190 2206 coniectandi
1232 2169 1474 2209 temeritate
1506 2177 1547 2209 et
1578 2171 1644 2210 in-

193 2244 317 2283 scitia
349 2257 504 2283 nomen
536 2257 659 2284 suum
690 2244 801 2283 inter
827 2242 1076 2299 philologos
1105 2243 1382 2295 infamasset,
1414 2247 1458 2286 in
1486 2245 1647 2288 Lucre-

193 2321 241 2360 tii
283 2322 474 2360 carmine
509 2320 674 2360 edendo
710 2320 902 2361 codicum
936 2321 1237 2361 auctoritatem
1272 2322 1491 2364 extollens
1525 2333 1568 2365 et
1598 2327 1643 2366 in

191 2410 340 2438 eorum
371 2396 597 2437 libidinem
627 2399 852 2449 invectus,
894 2399 967 2453 qui
997 2412 1074 2454 pro
1107 2397 1303 2440 Lucretii
1337 2400 1482 2442 verbis
1513 2403 1645 2444 auda-

217 2551 254 2593 ι)
286 2551 551 2595 [programma
587 2551 766 2596 scriptum
797 2562 830 2586 a.
870 2551 962 2587 1832
987 2553 1033 2587 ad
1072 2551 1311 2588 indicendum
1339 2557 1485 2588 coetum
1512 2556 1647 2589 acade-

282 2610 447 2652 micum,
474 2611 509 2644 in
536 2623 607 2656 quo
635 2612 824 2646 medicinoe
850 2613 980 2646 doctor
1006 2613 1077 2647 rite
1105 2614 1428 2659 inauguraretur]

212 2671 254 2715 2)
280 2671 560 2706 Eichstaedtius
584 2673 825 2707 Wakefieldii
851 2674 1013 2708 editione-
1045 2675 1220 2709 effectum
1247 2687 1326 2709 esse
1352 2675 1557 2715 iudicabat,
1582 2676 1649 2710 ’‘ut

283 2743 382 2765 nunc
407 2732 579 2774 demum,
615 2746 723 2779 quem
751 2734 996 2769 librariorum
1023 2740 1154 2780 stupor
1180 2741 1293 2781 atque
1322 2737 1505 2769 editorum
1531 2736 1648 2770 auda-

283 2791 342 2827 cia
371 2792 477 2827 nobis
506 2804 608 2838 paene
634 2794 856 2839 eripuisset,
892 2796 1112 2832 Lucretium
1142 2797 1179 2831 in
1214 2796 1389 2832 Lucretio
1427 2807 1647 2842 agnoscere·

283 2854 407 2888 mus.'’

1340 2928 1385 2961 20
