1981 3390
1487 206 1555 255 83

167 340 479 382 reddendorum
512 351 711 394 equorum
745 351 830 380 non
865 347 930 379 est
973 341 1166 394 pecuniae
1206 342 1248 382 in
1286 345 1483 385 aerarium
1527 346 1623 385 rod-

167 420 278 459 actio
313 432 368 460 ex
412 432 464 459 ea
504 432 576 468 re,
637 416 774 459 multo
817 418 960 458 minus
1004 416 1131 459 huius
1178 421 1369 474 pecunia:
1424 419 1616 477 largitio,

165 496 241 538 sed
275 511 326 538 ea
357 498 477 551 ipsa,
510 510 603 553 quae
639 498 682 537 in
715 485 838 552 equis
867 496 1095 550 reddendis
1126 505 1219 549 est,
1252 499 1459 554 cuiusque
1490 502 1620 555 parti-

166 562 284 630 cipes
315 573 425 616 fiunt
458 577 518 627 ii,
568 577 666 631 qui,
716 589 847 631 quum
880 589 1038 631 equum
1072 575 1330 627 habuerint,
1377 592 1472 619 cum
1505 593 1619 620 cont-

163 653 292 695 modo
325 653 524 695 reddunt.
619 654 766 709 Scipio
800 655 946 710 itaque
977 655 1038 706 (id
1072 662 1162 705 est,
1197 640 1377 706 Cicero,
1409 664 1452 697 et
1486 655 1619 698 Grac·

163 726 402 774 cban'ffium
429 731 578 788 legum
619 740 662 772 et
701 731 981 788 largitionum
1012 734 1056 774 in
1090 732 1216 775 libris
1248 742 1458 789 provecta
1493 743 1620 777 aetate

165 811 337 865 scriptis
370 819 604 866 perpetuus
637 810 925 864 reprehensor
953 819 996 851 et
1025 812 1342 852 coniunctionis
1371 821 1548 854 senatus
1579 822 1622 855 et

165 888 329 929 ordinis
361 889 598 943 equestris,
631 901 758 942 quam
789 889 882 942 ipse
913 901 960 928 se
993 887 1216 928 consulem
1248 886 1516 930 stabilivisse
1543 905 1621 946 pu·

163 964 307 1014 tabat,
348 964 583 1005 vehemens
619 964 853 1005 admirator
869 967 902 1016 ,)
945 973 1169 1006 senatores
1202 964 1513 1021 largitionibus
1546 971 1620 1010 tri-

163 1040 348 1083 buniciis
377 1042 575 1083 faventes
603 1040 847 1097 significat,
909 1045 982 1098 qui
1013 1057 1145 1084 onere
1178 1046 1278 1100 equi
1318 1044 1483 1099 publici
1513 1046 1621 1089 libe-

161 1122 247 1162 rari
289 1120 479 1172 vellent,
524 1120 732 1161 reddendi
766 1129 980 1176 potestate
1022 1121 1254 1177 plebiscito
1289 1124 1417 1164 facta.
1483 1123 1619 1166 Oneri

162 1200 277 1240 'enini
308 1199 443 1240 fuisse
475 1213 630 1255 equum
663 1198 914 1254 publicum,
956 1202 1154 1256 quamvis
1186 1201 1339 1243 honori
1376 1211 1491 1243 esset
1530 1205 1618 1259 (qui

161 1285 305 1318 tamen
337 1276 476 1318 honor
519 1292 544 1318 a
582 1287 784 1319 senatore
817 1293 903 1320 non
932 1278 1294 1332 desiderabatur)
1334 1281 1514 1335 eiusque
1545 1282 1619 1322 ad-

165 1357 328 1410 emptio
361 1356 676 1411 ignominiosa,
719 1370 805 1397 non
839 1371 898 1397 ex
930 1356 1012 1398 hoc
1042 1356 1184 1398 solum
1217 1356 1339 1407 loco,
1386 1359 1458 1414 qui
1492 1359 1544 1400 ad
1578 1359 1619 1401 id

160 1433 542 1474 demonstrandum
575 1432 757 1485 sufficit,
818 1449 948 1490 quum
977 1443 1127 1490 aperta
1169 1436 1227 1475 sit
1260 1435 1490 1478 verborum
1521 1452 1618 1478 sen-

160 1511 311 1562 tentia,
341 1510 418 1552 sed
453 1510 628 1553 aliunde
663 1526 833 1568 quoque
867 1520 1030 1553 eertum
1061 1520 1141 1554 est.
1207 1512 1276 1554 De
1318 1515 1618 1569 antiquissimo

159 1589 333 1645 quidem
364 1597 558 1646 tempore
590 1598 722 1646 negat
748 1589 1042 1642 Niebuhrius‚
1088 1599 1131 1632 et
1163 1605 1223 1632 ex
1255 1590 1337 1633 hoc
1371 1591 1444 1633 vel
1477 1595 1621 1634 maxi-

158 1681 227 1709 me
247 1669 288 1718 1)
318 1666 463 1719 efficit,
497 1669 664 1725 equites
693 1683 778 1710 non
806 1683 865 1710 ex
895 1671 1092 1710 maximo
1125 1683 1256 1710 censu
1281 1671 1464 1725 scriptos
1508 1685 1619 1721 esse,

159 1747 272 1802 quod
296 1746 527 1788 ridiculum
553 1756 594 1788 et
619 1749 819 1789 insanum
843 1747 1013 1799 fuisset,
1038 1750 1075 1789 si
1093 1748 1250 1788 divites
1269 1748 1453 1789 fuissent
1469 1763 1618 1790 omnes

94 1818 98 1821 ¹
159 1827 343 1882 equites,
373 1828 600 1881 pecuniam
633 1826 685 1867 ad
718 1841 853 1882 equos
887 1827 1091 1868 emendos
1122 1835 1174 1867 etv
1197 1825 1376 1867 alendos
1407 1827 1616 1869 attribue-

158 1917 221 1944 re.
262 1903 429 1945 Verum
447 1904 555 1946 illud
578 1914 694 1946 certe
717 1904 854 1946 multo
877 1907 1074 1946 insanius
1095 1905 1265 1956 fuisset,
1287 1907 1331 1945 in
1353 1904 1431 1946 tali
1459 1906 1618 1946 descri-

159 1982 306 2036 ptione
336 1981 501 2022 militiae
535 1981 588 2022 ab
624 1984 831 2023 universo
859 1982 1022 2038 populo
1061 1996 1120 2022 ex
1163 1996 1292 2023 censu
1328 1983 1390 2022 rei
1429 1981 1615 2037 publicae

165 2058 418 2113 praestandae
465 2060 538 2099 uni
583 2058 715 2100 alicui
744 2061 896 2114 generi
931 2059 1198 2100 eonnnodani
1234 2059 1433 2100 militiam
1477 2069 1520 2101 et
1552 2059 1617 2101 lu-

162 2150 328 2177 crosam
363 2138 639 2178 constituere.
704 2136 856 2192 Itaque
891 2152 1039 2178 omnes
1071 2139 1316 2179 consentire
1346 2137 1534 2190 debent,
1564 2138 1617 2179 il-

1303 2216 1325 2230 Ι

185 2276 222 2318 ¹)
252 2277 320 2310 Vel
347 2275 469 2321 potius
494 2288 538 2310 ex
562 2277 636 2311 hoe
659 2277 753 2311 solo.
793 2278 889 2312 Nam
913 2276 1011 2311 Livii
1035 2278 1152 2312 verba
1177 2277 1211 2321 1,
1233 2279 1296 2315 ⁴3:
1324 2276 1412 2311 Haec
1438 2277 1556 2311 omnia
1581 2278 1617 2311 in

252 2337 346 2370 dites
373 2349 396 2370 α
416 2338 642 2382 pauperibus
666 2338 842 2371 inclinata
868 2350 1001 2381 onera,
1033 2350 1115 2373 eam
1142 2339 1241 2380 vim,
1280 2349 1391 2384 quam
1418 2337 1461 2372 iis
1487 2338 1619 2373 tribuit

250 2399 320 2441 (H.
348 2399 393 2432 R.
420 2398 449 2433 1.
480 2411 515 2444 p.
549 2399 660 2442 451),
701 2411 773 2434 non
800 2411 888 2434 sane
908 2401 1061 2434 habent,
1114 2401 1243 2445 Neque
1271 2400 1370 2434 enim
1395 2410 1511 2433 onera
1536 2400 1617 2434 sola

250 2459 341 2492 dicit
376 2459 461 2504 equi
499 2460 647 2494 emendi
685 2465 722 2495 et
756 2461 905 2501 alendi,
957 2473 1079 2507 neque
1114 2472 1135 2495 a
1161 2462 1390 2507 pauperibus
1417 2461 1614 2505 equitibus.

250 2521 379 2565 Ipsum
403 2521 572 2555 additum
598 2521 717 2554 omnia
742 2521 914 2563 ostendit,
939 2533 1037 2564 eum,
1078 2523 1246 2569 exposita
1274 2522 1523 2567 descriptione
1549 2533 1613 2566 po-

254 2582 334 2625 puli
360 2583 406 2616 ad
432 2582 635 2624 militiam,
672 2583 718 2616 de
742 2583 998 2628 superioribus
1025 2584 1200 2619 universe
1227 2584 1303 2618 lnaec
1327 2585 1477 2618 addere.
1527 2584 1616 2617 Om-

256 2642 318 2675 nia
344 2643 436 2677 belli
465 2643 680 2689 militiaeque
709 2655 825 2678 onera
857 2651 1099 2691 sumptusque
1126 2646 1321 2692 graviores
1346 2656 1366 2680 a
1391 2644 1617 2691 pauperibus

253 2703 290 2737 in
316 2704 411 2738 dites
440 2705 637 2740 inclinatos
663 2706 764 2740 dicit.
835 2707 966 2752 Itaque
997 2707 1123 2743 statim
1156 2706 1349 2751 subiungit
1386 2717 1455 2739 non
1497 2705 1617 2738 minus

253 2767 504 2810 generaliter:
545 2767 681 2802 Deinde
709 2771 762 2802 est
788 2767 901 2801 honos
928 2769 1100 2807 additus,
1138 2780 1255 2813 caque
1281 2767 1406 2803 addit.
1442 2777 1518 2810 quae
1544 2777 1616 2800 non

257 2826 378 2862 minue
404 2829 450 2863 ad
477 2829 644 2874 peditum
673 2840 786 2875 quam
814 2829 861 2865 ad
887 2830 1052 2875 equitum
1081 2829 1268 2864 centurias
1303 2827 1524 2874 pertincant.

1315 2900 1352 2934 fi.
