1981 3390
1508 250 1609 298 415

230 367 470 408 rectissime
500 365 554 405 ad
584 365 672 406 vim
701 364 910 405 orationis
942 362 1087 414 abest,
1133 362 1494 420 librariorumque
1533 371 1676 410 omniu

229 442 360 497 plena
392 442 572 484 reddere
612 439 875 480 studentium
906 440 1187 481 additamenti
1221 450 1365 482 notam
1405 441 1558 492 habet,
1599 446 1674 485 sed

231 521 435 559 vitiosum
479 518 609 556 etiam
641 524 726 563 est3
768 530 904 570 neque
949 518 1063 558 enim
1098 518 1272 572 negatio
1309 533 1334 558 a
1370 518 1512 559 verbis
1555 521 1676 560 illins

226 599 381 643 oratio,
411 591 568 648 quibus
601 594 816 633 contrarie
843 593 982 634 relata
1013 603 1135 634 sunt:
1166 596 1243 634 sed
1270 609 1411 635 eorum
1442 600 1672 637 taciturni-

223 676 315 718 tas,
348 668 501 709 divelli
530 678 698 723 poterat
723 672 978 724 interposito
1012 671 1091 711 illo
1122 676 1265 722 movit,
1300 673 1422 726 quasi
1446 674 1489 712 in
1521 687 1572 713 eo
1609 675 1674 714 vis

222 747 445 786 sententiae
478 748 619 799 posita
657 755 787 787 esset.
863 747 1012 802 Itaque
1045 761 1129 789 non
1161 758 1277 789 recte
1308 748 1502 790 Orellius
1532 750 1576 790 in
1606 751 1673 792 ed.

223 824 387 863 tiluiore
421 826 556 862 mot-lt
587 825 738 863 tenuit.
802 825 889 864 Sed
923 826 963 864 in
996 825 1184 865 editione
1218 827 1383 865 minore
1415 826 1569 876 edidit,
1602 842 1672 868 co-

222 899 330 940 dicis
362 898 565 940 Vaticani
596 897 727 940 fidem
761 909 954 941 secutus:
1009 901 1090 941 ille
1116 911 1218 942 vcro
1248 915 1333 941 uon
1366 903 1487 942 illius
1517 909 1671 953 oratio,

222 977 301 1016 ted
325 989 468 1016 eorum
493 979 775 1015 tacilnrm'las
808 975 1024 1024 movebat,
1070 988 1117 1015 m
1147 989 1250 1030 quos
1285 978 1366 1017 illa
1399 983 1539 1018 oratio
1573 992 1671 1019 con-

208 1050 461 1100 ferebatur.
525 1051 609 1092 Sed
629 1048 736 1092 illud
757 1049 1020 1101 movebatur,
1057 1053 1189 1106 (quod
1224 1066 1277 1092 ne
1312 1067 1388 1108 per
1417 1068 1464 1094 se
1498 1056 1670 1109 quidem

219 1137 384 1168 rectum
417 1135 506 1175 est;
551 1141 649 1168 nam
680 1132 834 1177 movet,
873 1136 921 1167 ut
959 1129 1184 1181 praecedit,
1229 1130 1289 1169 ita
1322 1133 1568 1172 necessario
1599 1131 1670 1173 hic

219 1219 390 1259 quoque
421 1204 650 1245 dicendum
695 1213 786 1245 erat
824 1205 877 1244 de
921 1218 1007 1244 uno
1048 1206 1231 1256 effectu,
1273 1207 1464 1246 discessu
1496 1206 1671 1248 Cicero·

219 1283 308 1328 nis;
350 1290 499 1321 contra
532 1282 670 1320 oratio
701 1280 780 1321 illa
818 1294 931 1335 saepe
972 1281 1273 1335 repetebatur,
1315 1282 1382 1323 illi
1414 1297 1583 1338 semper
1613 1286 1671 1324 si-

219 1356 403 1407 lebant‚)
446 1358 527 1397 hoc
567 1359 700 1411 igitur
733 1358 828 1412 quis
870 1371 955 1398 non
992 1359 1108 1397 videt
1144 1357 1388 1399 scholiasta:
1420 1374 1538 1409 esse,
1571 1375 1669 1401 sen-

220 1435 399 1474 tentiam
450 1433 697 1488 cxplentis,
746 1449 874 1488 quum
928 1433 1008 1475 illa
1056 1436 1272 1475 omisisset
1315 1439 1564 1491 superiora,
1609 1451 1668 1478 ex

217 1510 372 1564 quibus
402 1509 581 1550 verbum
613 1518 906 1564 repeteretur,
939 1525 1024 1551 non
1059 1510 1176 1551 illius
1208 1512 1390 1562 codicis,
1425 1526 1483 1552 ex
1518 1527 1600 1567 quo
1631 1515 1668 1553 is

218 1584 351 1626 verba
393 1583 616 1626 Ciceronis
658 1585 953 1639 excerpebatt
1011 1587 1162 1642 Itaque
1213 1602 1364 1628 vereor
1411 1590 1569 1638 etiam,
1613 1603 1667 1629 ne

215 1663 492 1703 festinantius
526 1662 676 1702 eadem
710 1661 878 1702 scholia
910 1672 1084 1704 secutus
1121 1662 1314 1703 Orellius
1345 1664 1501 1704 delerit
1533 1664 1667 1705 verba

215 1745 301 1779 lam
326 1737 517 1791 improba
548 1747 750 1792 tanquam
780 1752 835 1778 ex
861 1739 1156 1791 superioribus
1187 1754 1332 1781 errore
1364 1750 1458 1781 orta
1488 1743 1530 1781 in
1562 1740 1667 1781 reli-

215 1817 310 1870 quis
358 1812 599 1861 codicibus;
652 1828 751 1854 nam
799 1828 850 1854 ea
891 1815 1476 1877 scholiastesrcontrahendi
1524 1818 1667 1857 studio

217 1893 416 1933 omisisse
455 1891 594 1930 videri
629 1899 786 1944 potest.
847 1891 902 1931 Et
932 1891 1061 1931 facile
1102 1907 1154 1932 ea
1201 1892 1335 1933 verba
1366 1907 1489 1932 suum
1524 1893 1667 1934 locum

174 1977 179 1981 “
216 1968 473 2014 defendent3
507 1966 588 2007 hoc
619 1968 732 2007 enim
765 1967 867 2007 dicit
900 1966 1076 2007 Cicero:
1105 1967 1250 2008 Movit
1280 1983 1347 2008 me
1381 1970 1666 2018 taciturnitas,

217 2058 310 2099 quae
339 2044 579 2098 suspectior
609 2057 705 2084 esse
736 2043 921 2084 debebat
954 2043 1008 2084 ob
1040 2043 1121 2084 hoc
1150 2046 1317 2098 ipsum,
1349 2045 1476 2098 quod,
1511 2053 1558 2084 ut
1589 2059 1666 2085 vos

217 2122 383 2170 dicitis,
413 2119 609 2174 improba
636 2128 728 2160 erat
756 2122 909 2170 oratio,
943 2122 1064 2161 cuius
1099 2135 1123 2160 a
1157 2134 1202 2160 se
1238 2120 1448 2161 maculam
1483 2123 1664 2161 reiicere

218 2196 471 2237 debuerant.
530 2195 647 2251 Ergo
681 2211 765 2237 non
794 2197 1048 2237 variandum
1082 2197 1191 2247 suit,
1226 2207 1272 2237 ut
1306 2197 1499 2238 Orellius
1529 2206 1666 2250 putat,

216 2274 323 2314 illud
359 2279 446 2313 tam
489 2273 701 2326 improbe,
742 2274 816 2314 sed
857 2274 970 2314 idem
1003 2274 1298 2329 repetendum.
1366 2273 1579 2315 Caeterurn
1614 2276 1666 2325 si,

215 2350 328 2405 quod
358 2351 400 2389 in
432 2348 728 2390 Beruensibus
762 2359 850 2401 est,
881 2352 925 2390 in
957 2352 1103 2391 codice
1134 2351 1366 2405 archetypo
1398 2353 1528 2392 etiam
1559 2352 1665 2392 fuit:

214 2426 335 2466 illius
362 2429 502 2466 oratio
539 2432 626 2466 tam
659 2425 876 2481 improba,
906 2450 961 2456 -—-
990 2431 1035 2467 iu
1066 2441 1169 2481 φωρ*
1199 2428 1278 2468 illa
1304 2431 1445 2467 oratio
1476 2433 1562 2468 tam
1589 2432 1667 2468 im-

206 2502 371 2557 proba,
415 2517 554 2558 neque
596 2505 632 2544 is
677 2518 796 2544 error
825 2514 891 2544 est
933 2503 1069 2544 solius
1120 2503 1313 2553 librarii,
1361 2505 1432 2557 qui
1474 2502 1602 2544 Bern.
1634 2503 1668 2544 I.

214 2579 400 2631 scripsit,
433 2580 633 2621 mendum
664 2581 706 2620 id
732 2595 836 2621 sune
869 2582 964 2631 fuit,
1000 2579 1074 2620 sed
1108 2580 1220 2634 quod
1255 2579 1379 2628 illud,
1414 2581 1523 2633 quod
1556 2580 1667 2628 dixi,

216 2652 467 2702 confirmet3
516 2669 615 2696 nam
662 2665 751 2697 tum
794 2657 873 2698 illa
915 2663 1001 2697 lam
1044 2655 1237 2710 improba
1269 2671 1322 2696 ne
1357 2657 1398 2694 in
1436 2655 1667 2708 archetypo

215 2731 388 2786 quidem
424 2731 570 2772 addita
601 2732 735 2774 fuisse
767 2743 910 2789 patet,
953 2733 1029 2774 sed
1074 2748 1127 2774 ex
1159 2733 1296 2773 adhuc
1329 2732 1569 2786 antiquiore
1601 2746 1667 2771 re-

216 2816 333 2849 tenta
374 2816 416 2849 et
463 2808 660 2862 quidem,
710 2825 839 2866 quum
883 2810 1020 2851 semel
1060 2810 1216 2852 subiici
1267 2806 1480 2849 vocabulo
1524 2811 1665 2847 oratio
