1981 3390
418 225 518 276 448

352 347 444 388 Iam
476 358 606 401 quum
635 342 702 386 his
730 342 953 386 subiiciat:
1003 341 1170 387 Fuerat
1208 343 1286 385 ille
1328 356 1466 385 (mmm
1506 362 1557 373 -
1597 348 1797 400 tanquam

352 427 545 464 intentus
585 436 736 474 arcae,
785 422 977 477 profecto
1019 420 1211 476 loquitur
1249 421 1301 461 de
1342 422 1493 462 eodem
1532 422 1628 477 ipso
1673 436 1802 473 anno,

356 515 441 556 quo
484 500 584 541 Piso
623 508 666 540 et
708 498 920 539 Gabinius
960 497 1160 538 consules
1202 497 1399 547 fuerunt3
1449 512 1705 554 quamquam
1736 500 1803 540 in·-

357 577 580 619 commode
614 576 666 615 de
699 589 750 615 eo
783 589 922 626 anno,
955 574 1007 614 de
1048 588 1131 629 quo
1173 587 1285 615 nunc
1316 577 1458 628 ipsum
1493 577 1634 617 dicere
1659 578 1806 630 ingre—

358 655 473 696 ditur
505 662 546 694 et
574 653 776 705 deinceps
807 659 894 691 tam
923 650 1060 691 multa
1082 665 1158 703 per
1188 665 1388 704 magnam
1411 662 1575 704 partem
1598 655 1805 694 orationis

358 732 487 780 dicit,
535 729 617 770 hoc
657 743 743 769 uno
783 727 879 768 loco
922 727 1392 782 plusquamperfectum
1432 731 1568 783 ponit.
1640 729 1807 770 Verum

354 807 434 848 illo
479 820 591 847 anno
637 819 722 846 non
768 813 834 845 est
877 806 1067 844 intentus
1110 817 1234 844 arcus
1273 805 1318 844 in
1362 803 1616 846 Ciceronem
1661 806 1807 846 tradu-

358 885 500 925 ctione
527 883 576 923 ad
606 881 777 938 plebem
807 881 855 922 P.
875 880 1038 928 Clodii3
1073 895 1172 921 nam
1200 895 1298 922 eum
1325 895 1474 923 omnes
1503 889 1662 922 norunt
1694 895 1806 923 anno

358 961 581 1014 superiore
616 961 723 1010 (59),
761 957 931 999 Caesare
972 965 1015 997 et
1038 955 1197 998 Bibulo
1239 972 1372 1009 coss„
1417 959 1658 999 traductum
1698 973 1811 999 esse.

358 1037 510 1092 Itaque
534 1037 583 1077 Ρ.
603 1035 825 1076 Manutius
857 1042 1004 1075 contra
1035 1036 1246 1074 sermonis
1279 1034 1475 1089 regulam
1503 1050 1662 1076 annum
1696 1035 1810 1076 hunc

359 1113 586 1167 intelligit,
618 1111 880 1152 Garatonius
914 1119 1057 1151 autem
1085 1109 1268 1151 mirifice
1301 1111 1466 1163 scribit,
1497 1126 1657 1153 annum
1686 1112 1810 1153 illum

361 1191 533 1232 Pisonis
565 1187 826 1243 Gabiniique
865 1188 1000 1228 fuisse
1039 1195 1245 1243 tanqusam
1284 1202 1429 1229 arcum
1468 1191 1512 1229 in
1557 1188 1813 1230 Ciceronem

362 1269 575 1308 intentum
621 1266 890 1306 traductione
936 1264 990 1304 ad
1031 1263 1203 1319 plebem
1247 1264 1297 1306 P.
1338 1264 1506 1316 Clodii,
1551 1277 1646 1319 qnae
1673 1264 1813 1314 facta

352 1344 507 1394 suerit
529 1346 678 1397 priore
711 1355 852 1391 cuneo,
886 1343 1008 1396 quasi
1037 1350 1127 1382 tum
1156 1356 1241 1382 non
1273 1341 1343 1383 hic
1372 1344 1491 1398 prior
1523 1356 1660 1382 annus
1691 1352 1815 1383 arcus

363 1423 447 1462 iste
478 1419 568 1461 fiat.
626 1419 717 1460 Iam
752 1418 992 1469 videamus,
1023 1427 1191 1474 quantae
1222 1418 1356 1460 turbae
1386 1434 1513 1475 quam
1539 1419 1668 1460 facile
1697 1420 1816 1460 duci·

364 1497 447 1538 bus
481 1496 701 1538 codicibus
741 1505 1074 1549 componantur:
1112 1495 1280 1539 Fuerat
1319 1498 1396 1537 ille
1426 1510 1565 1537 annus
1600 1500 1686 1537 iam
1720 1501 1816 1550 (pro

365 1577 470 1621 iam)
514 1578 561 1614 in
602 1588 650 1614 re
681 1573 888 1627 publica,
932 1573 1128 1624 iudices,
1169 1587 1294 1629 quum
1336 1577 1383 1613 iu
1427 1587 1581 1628 magno
1621 1579 1733 1614 motu
1776 1578 1819 1614 et

366 1652 594 1692 multorum
639 1653 790 1690 {imore
832 1654 1025 1711 intentus
1075 1655 1143 1689 est
1185 1663 1313 1691 arcus
1366 1654 1413 1691 in
1455 1664 1519 1691 me
1559 1664 1688 1691 mazam
1734 1658 1819 1692 etc.

369 1727 462 1768 Iam
493 1728 679 1782 optime,
725 1735 954 1781 antequam
989 1726 1041 1766 ad
1073 1725 1244 1766 Pisonis
1277 1735 1319 1767 et
1349 1725 1526 1768 Gabinii
1556 1740 1715 1767 annum
1747 1741 1818 1767 ac-

369 1805 507 1853 cedit,
549 1804 715 1844 fontem
755 1802 967 1843 malorum
998 1804 1189 1843 omnium
1225 1817 1284 1843 ex
1315 1802 1563 1844 Caesariano
1592 1803 1671 1844 illo
1703 1817 1817 1844 anno

369 1880 599 1935 Clodiique
632 1880 816 1919 transitu
855 1879 908 1919 ad
941 1878 1112 1932 plebem
1147 1893 1345 1920 manasse
1387 1882 1599 1929 ostendit3
1634 1894 1820 1935 proeces-

374 1964 515 2007 serat,
549 1958 710 2011 inquit,
741 1957 818 1997 ille
848 1970 1016 2007 ameum
1043 1957 1196 1997 deinde
1230 1957 1282 1998 ad
1317 1971 1441 2008 eum,
1471 1959 1545 2012 qui
1573 1959 1820 2012 propositus

371 2043 460 2086 est,
506 2035 626 2075 venit
666 2033 798 2087 paulo
832 2043 952 2089 post:
1002 2033 1088 2081 Qut
1124 2033 1321 2074 tribunus
1359 2033 1498 2089 plebis
1538 2043 1618 2075 etc.
1676 2034 1821 2077 Unum

372 2112 517 2153 addidi
549 2116 634 2160 est,
672 2112 783 2166 quod
823 2113 990 2166 quoties
1030 2119 1128 2167 post
1160 2111 1281 2152 illam
1311 2113 1658 2153 terminationem
1688 2112 1823 2166 parti-

373 2191 582 2244 cipiorum
614 2188 854 2239 exciderit,
885 2189 981 2228 dixi
1011 2188 1116 2229 alibi
1137 2189 1361 2244 (Append.
1379 2189 1538 2243 disput.
1554 2189 1605 2229 de
1630 2187 1821 2228 Asconio

371 2281 414 2320 p.
445 2268 514 2314 4);
546 2280 624 2305 nec
663 2265 914 2320 exemplum
947 2266 1110 2306 codicis
1143 2266 1363 2320 archetypi
1393 2265 1545 2307 harum
1579 2266 1823 2306 orationum

373 2342 524 2382 eodem
553 2342 706 2382 mendo
748 2344 937 2395 corrupti
983 2356 1006 2382 e
1036 2342 1276 2396 longinquo
1317 2344 1549 2396 petendum
1589 2350 1679 2389 est3
1723 2354 1821 2381 nam

372 2418 454 2459 hac
502 2417 652 2458 eadem
697 2418 889 2457 sectione
927 2417 1165 2457 arbitratus
1204 2423 1269 2457 est
1306 2432 1328 2457 e
1369 2420 1617 2458 coniectura
1660 2417 1823 2464 editur;

378 2495 546 2536 codices
579 2493 816 2534 arbitratus
846 2492 1031 2543 babent3
1078 2501 1119 2533 et
1151 2493 1281 2548 paulo
1311 2502 1410 2535 ante
1440 2496 1483 2544 6,
1512 2495 1566 2534 14
1597 2495 1639 2534 in
1669 2493 1822 2534 iisdem

377 2580 443 2613 est
476 2572 634 2611 dictum
664 2584 741 2626 pro
774 2570 971 2610 dictumst
994 2572 1049 2619 ¹).

404 2689 440 2729 ¹)
468 2685 642 2720 Proxime
668 2689 753 2720 ante
779 2687 795 2730 ᾗ
823 2685 868 2720 15
893 2689 983 2720 extr.
1016 2685 1119 2719 codd.
1158 2685 1263 2727 (Par.
1280 2710 1290 2726 ‚
1328 2685 1486 2727 Bernn.)
1512 2684 1671 2719 meliore
1696 2685 1826 2719 ordine

465 2747 588 2787 sacta,
617 2746 737 2786 dicta,
765 2747 941 2787 consilia5
975 2748 1091 2791 vulgo
1128 2746 1248 2803 dicta,
1275 2747 1407 2787 sacta5
1443 2747 1506 2780 sed
1541 2745 1713 2791 gradatio
1751 2749 1826 2785 cst;

473 2818 545 2844 non
571 2808 692 2845 solum
721 2807 844 2850 facta,
869 2807 933 2844 sed
961 2807 1060 2844 dicta
1085 2807 1218 2850 ctiam,
1244 2805 1319 2844 imo
1345 2806 1460 2844 tacita
1485 2805 1654 2844 consilia.
1703 2805 1824 2841 Paulo
