1981 3390
1496 197 1562 247 35

175 333 265 361 rem
307 332 420 371 esse,
460 318 615 360 deiude
660 316 903 358 Neronem!
977 290 1036 358 Ui
1062 315 1194 371 louge
1227 315 1355 358 aliter
1385 331 1625 373 pronomen

173 397 461 454 inteiligatur,
489 396 699 439 orationis
720 394 1022 436 cohaerentiam
1045 393 1285 450 postulare,
1314 396 1461 436 statim
1493 410 1625 452 appa-

175 476 302 518 tebit.
363 475 425 518 At
453 489 522 517 res
556 477 665 531 ipsa,
700 474 928 530 aurigandi
962 473 1176 524 studium,
1210 474 1263 515 ad
1292 473 1512 517 Neronem
1545 489 1625 516 nos

177 562 318 596 voeat.
376 554 424 596 Si
453 554 625 611 quidem
655 553 709 595 ad
732 555 1052 609 imperatorem.
1105 551 1254 607 Ipsum
1285 554 1401 595 enim
1433 553 1624 594 studium

174 642 326 690 postea
369 647 539 690 quoque
580 631 804 675 Iuvenalis
835 640 1029 687 tempore
1061 632 1107 671 in
1141 630 1361 674 nobilibus
1393 630 1622 672 nebuloni-

176 712 257 753 bus
295 712 431 753 fuisse
473 720 517 752 et
548 726 575 752 a
602 709 818 753 *Iuvenale
851 718 1047 752 notatum
1082 723 1194 761 esse,
1225 712 1331 752 satis
1362 718 1531 751 constat
1561 724 1621 751 ex

176 792 289 832 notis
320 789 521 832 versibus
551 790 694 830 satirae
725 797 889 830 octavae
920 790 1021 840 (146
1050 792 1186 843 sqq,),
1232 802 1373 845 neque
1402 803 1508 831 sane
1537 797 1626 830 sta-

175 870 252 910 tim
284 877 383 925 post
412 866 632 909 Neronem
649 865 778 921 ‘frugi
809 865 913 907 facti
942 873 1043 906 suut
1075 864 1263 906 Romani
1295 874 1501 922 nepotes,
1544 880 1625 908 nec

172 944 291 987 Nero
318 946 484 1001 primus
523 942 683 985 nobilis
727 945 769 984 ei
807 942 951 984 studio
992 955 1169 997 operam
1211 943 1351 992 dedit;
1387 952 1516 985 notus
1558 952 1626 985 est

175 1022 225 1064 C.
245 1021 464 1065 Antonius
487 1021 791 1078 quadrigarius
813 1023 892 1073 (e‘x
918 1020 1112 1062 Asconio
1136 1020 1187 1062 ad
1212 1022 1370 1078 fragm.
1393 1020 1485 1063 Cic.
1514 1031 1622 1064 orat.

173 1102 219 1143 in
249 1110 353 1157 toga
386 1101 508 1144 cand.
538 1102 678 1156 p.1l4
702 1099 830 1149 Hot.;
861 1100 940 1141 cfr.
973 1100 1158 1156 append.
1191 1100 1352 1156 disput.
1381 1108 1540 1142 nostrae
1570 1100 1624 1141 de

171 1179 366 1221 Asconio
396 1195 438 1236 p.
466 1181 572 1232 560.
637 1178 913 1234 Quamquam
941 1179 980 1219 si
1009 1180 1204 1220 maxime
1232 1179 1534 1230 concedamus,
1564 1192 1624 1219 ex

172 1256 361 1299 Neronis
392 1257 660 1313 temporibus
692 1258 865 1299 ductam
895 1256 1007 1298 hanc
1027 1258 1280 1313 imaginem,
1310 1270 1396 1297 non
1426 1258 1624 1312 protinus

174 1345 395 1392 sequatur,
427 1337 571 1392 ipsum
602 1334 823 1378 Neronem
856 1335 938 1376 hoc
966 1333 1064 1376 loco
1099 1343 1481 1376 commemoratum
1514 1347 1623 1375 esse.

172 1415 326 1457 Restat
366 1413 556 1456 Neronis
597 1413 833 1470 significati
875 1414 1012 1454 index
1054 1412 1277 1455 lacernata
1323 1413 1484 1463 amica,
1531 1425 1626 1468 quae

173 1491 315 1550 qualis
352 1494 424 1544 sit,
454 1491 585 1548 paulo
616 1501 715 1549 post
746 1490 1008 1533 videbimus.
1073 1491 1238 1547 Sporus
1271 1491 1444 1547 quidem
1475 1489 1625 1530 illatus

110 1575 119 1590 “
173 1579 254 1622 est,
282 1580 512 1627 postquam
542 1573 803 1626 interpretes
833 1569 1054 1613 Neronem
1084 1583 1216 1610 manu
1248 1583 1295 1610 se
1323 1577 1473 1610 tenere
1497 1575 1624 1623 puta-

173 1657 295 1697 runt3
341 1650 455 1704 apud
494 1649 776 1691 scholiastam
808 1649 999 1690 nondum
1029 1656 1110 1689 est.
1192 1647 1279 1689 Sed
1308 1648 1464 1703 ipsam,
1495 1660 1624 1702 quam

173 1725 365 1784 fingunt,
394 1727 620 1769 historiam
651 1727 782 1783 paulo
816 1727 1058 1768 accuratius
1095 1726 1385 1782 adspiciamus
1419 1733 1462 1766 et
1495 1723 1626 1766 simul

172 1805 348 1861 singula
382 1814 520 1862 poetae
552 1805 686 1848 verba
711 1819 1035 1861 persequamur.
1102 1802 1225 1856 Bona
1252 1805 1400 1867 dieunt
1425 1817 1624 1845 consum-

170 1885 311 1939 psisse
342 1884 577 1935 hominem,
606 1884 706 1925 dum
737 1883 904 1925 Neroni
942 1884 1127 1939 auriget.
1184 1881 1275 1923 Aut
1305 1884 1478 1923 coactus
1505 1880 1624 1930 fecit,

174 1970 218 2002 et
250 1963 528 2002 miseratione
560 1962 717 2015 diguus
758 1970 824 2001 est
857 1975 935 2002 nec
966 1969 1014 2000 ut
1044 1960 1273 2014 impudens
1313 1957 1621 2013 exagitandus‚

176 2038 288 2094 quod
317 2051 471 2078 munus
505 2037 693 2078 militare
725 2046 860 2093 petat,
905 2047 979 2077 aut
1010 2036 1176 2078 Neroni
1206 2044 1372 2092 gratus,
1402 2035 1624 2077 foeditatis

176 2117 397 2165 minister3
447 2123 491 2155 at
539 2116 577 2155 is
617 2123 732 2156 certe
775 2115 856 2157 hoc
890 2115 1099 2171 obsequio
1142 2115 1403 2170 patrimonio
1448 2127 1536 2154 non
1575 2125 1624 2153 se

176 2194 330 2244 exuit,
374 2206 454 2232 nec
483 2192 537 2233 ad
569 2193 873 2234 sustentandas
899 2208 970 2235 res
1003 2207 1104 2234 suas
1135 2193 1398 2248 stipendium
1431 2190 1623 2232 militare

175 2269 340 2312 ambire
375 2278 547 2311 coactus
580 2278 646 2312 est
664 2272 718 2323 1).
780 2270 952 2313 Deinde
984 2273 1029 2313 in
1059 2272 1274 2328 proximis
1304 2271 1366 2323 (in
1393 2267 1550 2326 quibus
1581 2283 1625 2310 v.

202 2401 240 2444 ¹)
267 2399 368 2434 Vidit
391 2400 463 2434 hoc
485 2399 702 2443 Heinecke3
740 2400 869 2446 itaque
897 2402 982 2436 dum
1008 2403 1045 2437 et
1068 2401 1292 2437 sententiam
1318 2400 1407 2435 huic
1431 2397 1626 2446 particula,

264 2461 473 2496 subiectam
499 2462 552 2505 (V.
581 2462 645 2505 60)
673 2462 853 2508 iungebat
877 2462 1005 2497 versui
1028 2462 1086 2506 58,
1113 2467 1244 2499 contra
1269 2474 1418 2498 omnem
1444 2459 1626 2514 sermonis

264 2534 374 2556 usum
404 2526 442 2556 et
475 2522 531 2557 ita
563 2527 605 2557 ut
630 2523 920 2558 oblivisceretur
943 2525 1147 2559 verborum
1182 2525 1274 2559 bona
1308 2523 1457 2558 donavit
1490 2532 1625 2567 proese-

262 2583 385 2627 pibus,
412 2594 571 2628 eumque
597 2585 766 2630 sequitur
792 2586 944 2620 Weber.
994 2585 1216 2621 Notissimus
1242 2590 1297 2620 est
1319 2597 1407 2620 usus
1432 2583 1625 2630 particuloe

266 2645 352 2678 dum
377 2644 430 2680 ita
457 2656 544 2680 cum
570 2646 740 2691 praesenti
764 2650 932 2692 tempore
956 2647 1104 2693 positae,
1138 2658 1211 2692 quo
1233 2648 1455 2693 plerumque
1480 2641 1624 2689 signifi-

266 2710 374 2740 catur
401 2706 500 2741 actio
524 2719 597 2742 non
620 2709 743 2743 solum
762 2711 931 2754 temporo
961 2708 1160 2742 coniuncta
1181 2709 1244 2742 ned
1255 2707 1488 2743 occasionem
1509 2703 1565 2739 rei
1586 2703 1626 2738 in

267 2765 450 2810 primaria
474 2769 670 2812 sententia,
692 2770 754 2805 cui
775 2770 897 2805 altera
918 2770 1085 2816 proxime
1109 2781 1256 2817 semper
1275 2767 1499 2808 adnectitur,
1524 2764 1629 2799 dictoe

269 2828 448 2870 praebens,
474 2834 515 2865 ut
539 2831 610 2865 hoc
635 2831 718 2867 loco
738 2835 840 2867 caret
863 2831 920 2876 (id
941 2836 1008 2873 est,
1035 2832 1229 2877 perdidit),
1255 2831 1338 2866 (lum
1361 2826 1530 2873 pervolat
1555 2824 1624 2861 &c-

1310 2897 1362 2932 3*
