1981 3390
1458 271 1556 322 257

184 396 343 437 vitates
379 393 553 436 foedere
583 393 749 433 iunctas
784 397 1006 441 tenerent,
1037 389 1245 432 deductis.
1304 389 1471 433 Harum
1505 392 1627 435 nulla

182 474 389 514 memoria
418 477 615 525 superest
654 478 754 510 ante
786 468 968 509 Latinos
998 481 1094 508 cum
1126 468 1332 509 Romanis
1362 470 1629 521 coniunctos,

182 551 272 589 nisi
308 549 418 590 forte
454 547 567 601 apud
600 547 776 587 Festum
797 547 862 596 ¹),
896 558 975 586 nec
1018 547 1193 586 omnino
1222 544 1370 586 Latini
1401 547 1484 600 ipsi
1517 545 1627 587 fines

181 639 284 666 suos
314 624 400 666 late
432 623 720 677 protulerunt.
788 623 874 664 Sed
905 636 964 663 ex
997 638 1080 678 quo
1111 623 1271 673 Roma,
1315 638 1409 678 quoe
1437 626 1627 665 extremi

181 703 299 756 regis
324 709 518 756 tempore
550 700 667 740 Latii
700 714 868 755 magna:
898 701 1011 755 parti
1040 701 1344 756 imperaverat,
1381 702 1454 757 Sp.
1484 700 1626 742 Cassii

180 779 355 820 foedere
398 777 556 818 Latino
606 778 770 818 nomini
820 779 880 818 ita
923 786 988 817 est
1024 777 1247 828 adiuncta,
1300 786 1346 818 ut
1383 781 1629 820 communia

181 863 327 896 essent
359 853 500 904 bella,
545 856 783 895 communis
813 855 983 908 praeda,
1016 863 1143 908 atque
1173 854 1355 895 Hernici
1383 870 1553 911 quoque
1582 858 1627 896 in

180 932 224 973 id
255 932 408 972 foedus
441 931 602 985 recepti
635 932 817 983 sunt2)‚
865 931 1014 970 eadem
1042 931 1179 979 ratio,
1215 930 1290 970 sed
1321 931 1452 985 paulo
1484 932 1629 986 impli-

182 1010 343 1058 catior,
375 1007 428 1047 ad
459 1006 651 1047 colonias
683 1005 736 1046 ab
770 1005 994 1056 Romanis,
1024 1005 1210 1056 Latinis,
1241 1006 1444 1048 Hernicis
1474 1010 1629 1049 missas

181 1084 508 1132 transferretur,
547 1096 722 1123 necesse
764 1090 884 1132 erat,
925 1097 1031 1137 quas
1068 1083 1240 1138 quidem
1274 1087 1491 1126 communi
1531 1100 1630 1127 con-

180 1161 281 1202 silio
315 1161 594 1207 deducerentg
649 1173 749 1199 nam
797 1159 933 1200 multa
972 1175 997 1200 a
1045 1159 1230 1216 singulis
1277 1161 1414 1203 tribus
1455 1162 1628 1218 populis

183 1239 384 1289 (Latinos
414 1239 527 1278 enim
560 1251 639 1290 pro
674 1236 759 1277 οπο
788 1236 867 1277 hoc
893 1237 988 1278 loco
1016 1251 1242 1279 numerare
1269 1238 1372 1280 licet
1403 1248 1446 1280 ct
1477 1240 1628 1281 itidem

182 1315 414 1364 Hernicos)
459 1322 587 1354 extra
630 1312 751 1353 illam
797 1316 1142 1355 coniunctionem
1185 1314 1302 1356 bella
1346 1325 1472 1371 gesta
1517 1331 1629 1368 esse,

183 1400 312 1447 atque
345 1392 452 1432 adeo
495 1391 607 1430 inter
647 1392 765 1444 ipsos
796 1390 874 1430 hos
905 1390 1088 1446 populos
1116 1400 1240 1446 gesta
1271 1407 1394 1444 esse,
1427 1395 1532 1434 satis
1565 1401 1631 1434 est

182 1477 346 1510 notum.
408 1467 560 1522 Neque
588 1467 881 1508 Romanorum
914 1482 1052 1523 neque
1078 1468 1334 1511 Latinorum
1365 1485 1503 1525 neque
1519 1470 1630 1510 Her-

183 1548 377 1587 nicorum
418 1557 480 1584 eae
522 1558 618 1584 esse
656 1553 856 1599 poterant
897 1544 1098 1596 coloniae,
1152 1547 1226 1586 sed
1267 1561 1390 1587 novae
1432 1549 1631 1587 civitates

184 1636 334 1663 eorum
367 1621 533 1662 foederi
565 1621 775 1661 adiuncta:
810 1629 852 1662 et
884 1630 1109 1676 parentes,
1144 1637 1253 1678 quae
1283 1623 1451 1664 Latinae
1484 1622 1632 1679 appel-

182 1698 267 1740 lari
298 1699 481 1754 quodam
517 1699 644 1738 modo
688 1707 730 1738 et
760 1707 848 1739 tum
880 1707 1107 1755 poterant,
1149 1701 1260 1755 quod
1299 1702 1429 1756 stirps
1458 1700 1632 1750 Latina,

186 1776 238 1816 ad
273 1790 399 1831 quam
435 1777 672 1816 maximam
714 1784 881 1831 partem
914 1776 1100 1817 Romani
1141 1770 1311 1833 quo'que
1342 1777 1631 1834 pertinebant,

183 1854 402 1908 praecipua
441 1861 556 1903 erat,
601 1861 643 1893 et
684 1852 819 1893 multo
864 1855 1003 1907 magis
1044 1851 1220 1908 postea,
1262 1870 1419 1910 quum,
1459 1854 1630 1896 sublato

182 1929 471 1970 Hernicorum
508 1930 697 1979 nomine,
722 1929 839 1969 Latii
874 1938 915 1969 et
942 1929 1195 1971 Latinorum
1227 1932 1464 1986 appellatio
1497 1930 1629 1971 latius

185 2005 361 2061 patebat
382 2008 438 2057 ³).
498 2005 664 2045 Verum
694 2005 903 2055 Romani,
947 2008 1111 2046 unitate
1143 2009 1297 2047 virium
1331 2015 1544 2062 potenteS,
1577 2005 1630 2046 ab

186 2083 312 2122 initio
342 2080 603 2130 nitebantur,
638 2089 708 2130 ut,
740 2081 912 2121 sublata
943 2082 1129 2123 foederis
1158 2083 1419 2138 aequalitate,
1450 2083 1631 2124 Latinos

188 2167 230 2198 et
268 2158 481 2198 Hernicos
522 2159 564 2197 in
609 2167 822 2212 potestate
861 2160 1004 2212 potius
1048 2174 1173 2214 quam
1212 2163 1372 2202 amicos
1407 2159 1629 2210 haberent,

187 2235 315 2290 idque
346 2234 574 2275 consilium
606 2237 763 2289 smpius
797 2244 1005 2276 tentatum
1040 2246 1081 2276 et
1109 2237 1163 2277 ob
1192 2239 1383 2292 ipsorum
1414 2238 1631 2280 Romano-

186 2325 281 2352 rum
312 2310 602 2360 calamitates,
634 2311 754 2351 velut
784 2312 1026 2352 incendium
1059 2312 1290 2371 Gallicum,
1325 2317 1387 2356 ita
1417 2316 1632 2356 intermis-

186 2400 306 2438 sum,
347 2395 395 2427 ut
428 2387 576 2428 Latini
616 2396 658 2428 et
687 2387 866 2430 Hernici
895 2389 1022 2445 plane
1054 2405 1079 2432 a
1113 2390 1320 2434 Romanis
1350 2393 1539 2448 disiungi
1571 2395 1632 2434 ri-

217 2567 254 2610 ²)
283 2567 422 2601 Priscoe
437 2567 575 2600 Latinae
600 2569 749 2603 colonr'oe
772 2571 967 2614 appellata?
992 2575 1088 2614 sunt,
1114 2575 1155 2606 ut
1180 2573 1445 2618 distinguerent
1471 2586 1492 2607 a
1517 2573 1631 2614 novis,

277 2639 356 2671 quae
382 2639 404 2660 α
427 2628 564 2671 populo
591 2630 784 2671 dabantur,
812 2645 846 2676 p.
871 2632 939 2667 208
966 2633 1134 2667 Lindem.
1191 2635 1264 2668 Sed
1290 2636 1361 2671 hoc
1388 2638 1585 2671 incertum.

211 2687 252 2733 2)
278 2689 333 2722 Dc
364 2688 422 2722 his
452 2688 666 2724 foederibus
704 2692 798 2726 nihii
826 2699 957 2727 nostroe
991 2694 1046 2727 rei
1083 2705 1197 2729 {ausa
1234 2708 1326 2741 opus
1362 2703 1415 2730 cst
1451 2696 1523 2729 dici
1552 2701 1636 2740 post

279 2745 478 2783 Niobuhrii
505 2745 679 2793 disputat.
708 2751 805 2785 nist.
841 2752 951 2786 Rom.
979 2754 1026 2787 Π.
1056 2766 1090 2798 p.
1118 2754 1227 2789 4348
1255 2762 1291 2790 ct
1316 2770 1349 2801 p.
1377 2757 1423 2791 93
1448 2769 1524 2800 sqq.

216 2809 255 2852 ³)
281 2808 562 2849 Fumantes,
597 2810 658 2854 qui
685 2812 841 2846 Hernici
865 2813 1015 2858 proprie
1042 2819 1169 2856 crant,
1202 2822 1350 2860 postca,
1378 2816 1440 2849 ubi
1467 2816 1634 2850 condicio

283 2873 320 2902 et
344 2867 400 2902 ius
426 2874 590 2910 notatur,
619 2870 838 2916 simpliciter
863 2874 988 2908 Latini
1016 2876 1256 2919 appellantur
1280 2877 1359 2910 Liv.
1387 2877 1553 2917 xxxiv,
1579 2876 1637 2911 42.

1322 2948 1366 2979 17
