1981 3390
404 233 499 303 246

338 358 513 403 paratus
545 351 750 400 accessit,
793 358 839 390 ut
880 353 977 405 qui,
1022 348 1216 391 collectis
1245 356 1343 403 post
1373 347 1507 399 alios,
1549 348 1777 406 Sigonium

339 429 530 467 maxime
579 435 622 466 et
669 426 1016 467 Freinshemium
1071 428 1134 480 (in
1184 426 1494 482 supplementis
1546 424 1782 477 Livianis)‚

339 505 598 558 scriptorum
630 505 889 543 testimoniis
923 503 974 543 de
1007 502 1193 557 singulis
1235 503 1403 557 oppidis
1434 501 1693 557 populisque
1727 501 1783 541 ad

340 582 569 635 imperium
599 580 751 634 populi
776 579 961 620 Romani
991 579 1203 619 adiunctis
1238 588 1311 620 aut
1338 581 1383 619 in
1414 581 1634 619 civitatem
1664 592 1781 618 rece·

338 659 453 711 ptis,
486 658 531 696 in
562 658 632 705 iis,
667 670 760 710 quoe
792 656 845 695 de
878 655 1142 697 condicionis
1171 662 1214 695 et
1243 657 1351 695 iuris
1381 656 1633 696 diversitate
1667 668 1782 709 quae-

340 735 474 775 reuda
504 742 650 783 erant,
681 733 773 773 fere
815 740 929 772 totus
971 746 995 771 a
1038 731 1219 786 Sigonio
1247 732 1461 785 pendeat,
1505 731 1696 786 quaedam
1727 731 1780 772 ab

341 811 504 851 Ottone
547 812 610 859 (in
655 808 768 849 libro
819 809 872 849 de
916 807 1360 862 aedilibusbmunicip.
1405 815 1449 848 et
1498 807 1783 856 coloniarum)

341 889 585 943 sumpserit.
648 885 716 927 Ne
733 886 1045 940 Spanhemium
1074 883 1252 940 quidem
1276 893 1350 924 aut
1367 883 1594 924 Heineccii
1613 885 1786 924 notissi-

342 979 458 1005 mum
478 963 635 1004 librum
655 962 875 1010 adhibuitg
907 961 1138 1003 Niebuhrii
1161 960 1526 1016 disputationibus
1559 962 1622 1011 (in
1639 961 1784 1014 priore

342 1042 444 1083 edit.
479 1040 577 1081 hist.
608 1039 731 1080 Rom.
765 1047 808 1079 et
852 1040 896 1092 in
928 1040 1072 1093 priore
1113 1037 1199 1079 vol.
1235 1038 1335 1078 edit.
1365 1039 1554 1088 sec.)-ad
1591 1051 1785 1092 quaeren-

344 1119 444 1159 dum
483 1113 574 1158 non*
619 1123 685 1156 est
716 1115 960 1164 excitatus3
1008 1116 1209 1170 Savignii
1249 1115 1430 1170 scripta,
1477 1114 1589 1170 quod
1615 1115 1709 1154 iure
1740 1115 1785 1154 in

342 1194 532 1236 Borusso
563 1194 746 1242 mireris,
781 1191 910 1247 plane
940 1194 1164 1247 ignorasse
1194 1192 1381 1241 videtur,
1414 1205 1506 1245 quae
1538 1199 1680 1230 tamen
1714 1189 1786 1230 vel

344 1286 397 1312 ex
438 1271 643 1311 Creuzeri
684 1270 884 1323 epitomae
923 1270 1066 1323 priore
1108 1268 1298 1308 editione
1333 1267 1479 1320 (1824)
1524 1279 1786 1322 cognoscere

341 1349 493 1403 potuit.

463 1424 591 1465 Hunc
622 1427 756 1480 igitur
784 1423 952 1475 locum,
995 1425 1064 1478 qui
1097 1423 1150 1464 ad
1182 1425 1430 1464 universam
1463 1421 1689 1462 historiam
1718 1434 1786 1462 re-

341 1517 435 1543 rum
470 1510 688 1557 gestarum
719 1501 871 1556 populi
904 1501 1088 1542 Romani
1118 1499 1447 1554 intelligendam
1478 1499 1607 1552 plane
1639 1510 1786 1538 neces-

343 1581 482 1619 sarius
526 1587 618 1629 est,
662 1580 843 1618 interest
885 1591 1059 1627 eorum,
1111 1578 1257 1631 quiin
1304 1577 1561 1629 antiquitate
1591 1575 1788 1616 Romana

344 1663 587 1706 versantur,
621 1657 681 1695 ita
702 1654 933 1714 aliquando
960 1655 1227 1708 pertractari,
1258 1661 1305 1693 ut
1327 1654 1504 1707 quaestio
1534 1666 1610 1706 per
1637 1665 1786 1691 omnes

342 1742 486 1788 partes
517 1734 745 1787 omniaque
777 1733 842 1772 rei
884 1730 1067 1786 publicae
1109 1730 1340 1779 Romanae,
1377 1730 1568 1769 maxime
1613 1727 1787 1782 quidem

342 1809 516 1859 liberae,
546 1817 752 1863 'tempora
793 1807 1016 1863 aequaliter
1049 1807 1389 1847 circumducatur
1422 1804 1784 1859 confirmeturque

343 1888 548 1936 materia,
580 1900 672 1940 quae
705 1886 757 1926 ad
790 1899 881 1925 rem
910 1886 1142 1938 pertineat,
1172 1885 1287 1924 omni
1321 1890 1527 1937 congesta
1560 1889 1602 1922 et
1634 1881 1784 1935 dispo-

344 1965 440 2004 sita.
515 1961 628 2002 Nam
660 1963 740 2002 hoc
771 1976 939 2016 quoque
969 1960 1089 2010 fieri,
1131 1962 1299 2015 quoties
1334 1961 1521 1999 maiores
1554 1959 1785 2013 antiquita·

344 2043 398 2081 tis
427 2039 512 2080 loci
546 2039 988 2095 comprehendantur,
1022 2037 1149 2078 valde
1180 2037 1339 2087 refert,
1369 2050 1423 2076 ne
1455 2043 1630 2091 propter
1657 2048 1788 2076 unam

343 2125 386 2157 et
417 2115 599 2157 alteram
631 2131 722 2157 rem
762 2124 987 2170 partemve
1024 2116 1214 2155 materiae
1259 2129 1429 2170 semper
1462 2113 1518 2154 sit
1555 2112 1608 2152 ad
1649 2110 1788 2152 libros

344 2207 495 2247 parum
536 2191 728 2247 alioquin
759 2201 915 2233 nostrae
949 2193 1086 2233 aetatis
1119 2193 1217 2232 usui
1250 2200 1373 2247 aptos
1405 2189 1711 2232 recurrendum
1744 2195 1788 2228 et

344 2275 584 2309 commenta
624 2270 874 2321 opinionum
909 2269 1066 2308 dudum
1100 2270 1356 2308 reiectarum
1398 2266 1668 2314 devoranda,
1701 2278 1784 2319 quo

344 2344 475 2385 alitur
520 2352 729 2398 praeterea
768 2344 1026 2397 pravissima
1070 2344 1333 2383 consuetudo
1374 2342 1618 2396 fragmenta
1659 2355 1785 2394 repu-

344 2421 522 2477 gnantia
539 2420 726 2476 undique
745 2419 1025 2460 contrahendi
1049 2427 1091 2459 et
1117 2420 1161 2458 in
1187 2419 1240 2458 iis
1262 2418 1576 2472 acquiescendi.
1635 2417 1781 2473 Atque

344 2498 472 2539 huius
515 2511 655 2551 operae
689 2497 897 2537 navandae
929 2496 1112 2537 subinde
1145 2510 1212 2535 me
1248 2496 1387 2548 ipsum
1424 2497 1611 2549 impetus
1651 2496 1781 2550 cepit,

342 2589 472 2631 quum
506 2575 582 2615 has
615 2588 684 2614 res
717 2573 876 2614 scholis
906 2573 1162 2614 academicis
1193 2586 1484 2627 exponerem3
1532 2571 1643 2626 quod
1682 2586 1783 2612 con·

343 2653 487 2693 silium
522 2658 863 2692 exsecutrix-usne
898 2658 1034 2691 totum
1064 2649 1294 2704 aliquando
1329 2651 1435 2699 sim,
1464 2650 1635 2698 nescio,
1669 2662 1781 2689 nunc

344 2730 514 2783 quidem
549 2727 735 2774 nondum
770 2730 914 2768 onmia
945 2727 1144 2767 videntur
1179 2727 1282 2766 satis
1314 2727 1567 2780 perquisita,
1601 2733 1642 2765 et
1673 2724 1783 2765 alio-

343 2809 441 2861 quin
492 2807 617 2847 aliam
672 2806 915 2859 scriptionis
956 2804 1132 2844 sormam
1179 2802 1423 2857 postumum
1478 2815 1605 2843 unam
1649 2800 1777 2843 huius
