1981 3390
1439 205 1535 252 471

155 347 271 380 serta
301 345 400 378 sum
435 336 556 384 loca,
598 335 641 373 in
677 330 830 385 quibus
871 327 980 368 nulli
1014 334 1239 367 vorsantur
1278 328 1370 365 sire
1412 326 1606 366 homines

156 419 250 457 sire
281 412 500 455 airimnlia.
577 410 632 450 Et
665 417 807 449 tamen
836 405 1029 460 aliquid,
1066 403 1175 458 quod
1208 402 1261 443 ad
1291 405 1493 443 rusticam
1530 403 1604 443 ho-

159 494 285 534 minis
319 491 530 544 originem
564 494 806 539 spectaret,
845 484 1111 524 nominatum
1146 496 1170 522 a
1203 479 1414 522 Cicerone
1456 480 1606 541 fuisse,

156 583 284 626 quum
316 567 490 607 Serrani
525 563 644 604 iuius
680 563 732 604 ab
766 571 909 603 aratro
951 561 1215 615 comparatio
1254 558 1466 606 ostendit,
1515 565 1603 596 tum

154 644 381 702 probabile
414 651 480 684 est
513 656 571 682 ex
608 644 676 690 iis,
709 655 801 696 quae
835 638 989 680 Cicero
1021 638 1073 679 de
1106 637 1258 678 eodem
1289 636 1462 677 homine
1486 634 1605 685 jnfrn

155 739 191 765 c.
219 725 300 773 38,
337 722 394 762 82
433 720 537 760 dicit
571 720 825 769 (rusticulus
857 725 899 758 et
929 717 1138 757 multonia
1161 715 1353 769 penula,
1399 727 1489 754 cum
1520 725 1604 767 qua

150 805 332 857 primum
362 799 539 840 Romam
580 800 735 849 venit).
801 794 894 836 Nec
930 793 1045 835 ultra
1089 793 1293 849 progredi
1332 792 1470 833 audeo
1504 806 1604 832 con-

156 878 376 925 iectando;
409 877 490 916 etsi
521 888 621 915 rure
649 887 732 914 non
767 870 1036 928 displicebat.
1109 869 1246 911 Paulo
1274 879 1396 925 post,
1434 868 1509 909 ubi
1539 877 1602 909 est

155 954 395 998 'aornim'bus
427 957 471 993 iu
497 952 671 992 tubulas
699 951 865 998 relale's,
897 963 1028 1003 quum
1054 956 1204 1003 aperta
1235 949 1292 988 sit
1326 955 1479 1001 emptae
1509 941 1631 1001 pre-x

155 1037 216 1073 tio
258 1031 516 1072 defectionis
558 1028 702 1069 Attilii
748 1025 1037 1082 significatio,
1079 1027 1251 1076 nescio,
1293 1040 1368 1066 cur
1402 1023 1534 1065 verba
1561 1026 1604 1064 in

153 1109 283 1151 aliam
317 1107 578 1148 sententiani
607 1115 755 1146 contra
781 1119 907 1145 usum
938 1103 1145 1159 loquendi
1171 1103 1480 1159 detorqueant3
1511 1104 1606 1157 quis

154 1189 268 1228 enim
321 1186 496 1226 nomina
542 1183 679 1225 relata
734 1186 776 1223 in
821 1181 1013 1223 tabulam
1056 1183 1369 1223 auctionariam
1414 1180 1604 1221 audivit?

154 1263 343 1305 Nomina
388 1263 634 1304 reseruntur
674 1264 717 1302 in
766 1259 938 1301 tabulas
985 1261 1150 1313 accepti
1183 1268 1226 1300 et
1259 1260 1472 1314 expensi,
1519 1273 1601 1298 non

155 1343 319 1390 minus,
367 1341 412 1380 in
455 1355 539 1395 quo
581 1341 713 1380 miror
755 1337 972 1392 Orelliurn
1004 1337 1194 1389 haerere,
1237 1351 1368 1393 quum
1398 1338 1604 1393 accipitur

152 1419 360 1472 pecunia,
392 1432 517 1472 quam
551 1432 679 1472 quum
714 1425 956 1470 errogatur.

274 1493 323 1536 C.
350 1495 432 1544 34,
463 1497 543 1544 73,
578 1494 651 1542 ubi
677 1493 889 1545 Orellius,
914 1492 1140 1535 Garatonii
1173 1492 1378 1533 iudicium
1411 1500 1452 1532 ot
1483 1492 1603 1532 codd.

148 1570 395 1612 Beruenses
414 1580 604 1621 secutus,
638 1571 792 1612 edidit:
820 1585 978 1626 magna
1010 1584 1152 1611 rerum
1180 1574 1500 1624 permutatione
1528 1573 1605 1609 im-

145 1648 388 1703 pendente,
434 1662 491 1689 ex
524 1648 645 1698 Par„
686 1663 869 1704 quocum
908 1649 1080 1689 tertiam
1120 1646 1330 1688 familiam
1364 1648 1608 1687 consentire

153 1739 211 1766 ex
248 1724 423 1766 Gruteri
451 1725 627 1766 silentio
661 1735 703 1766 et
734 1728 874 1781 magis
905 1740 964 1767 ex
999 1734 1202 1781 quattuor
1233 1725 1362 1766 Oxx.
1398 1724 1608 1778 intelligi-

153 1812 245 1852 tur,
292 1801 461 1843 duobus
501 1801 708 1857 reliquis,
749 1805 823 1858 qui
863 1805 1019 1855 saepius
1064 1805 1117 1844 ex
1162 1805 1300 1858 prima
1336 1811 1379 1843 et
1420 1802 1608 1842 secunda

153 1880 322 1922 familia
363 1879 526 1934 aliquid
561 1888 869 1934 suscoperunt,
916 1880 969 1920 ad
1003 1879 1246 1921 Beruenses
1290 1878 1609 1930 accedentibus,

152 1958 466 1999 restituendum
500 1966 567 1997 est
601 1955 959 2010 perturbatz'one3
1007 1959 1139 1998 nimis
1179 1957 1278 1999 leve
1311 1956 1494 1998 alterum
1529 1966 1609 2007 est,

154 2035 267 2090 quod
300 2037 429 2076 etiam
461 2037 504 2075 in
537 2033 692 2076 bonam
723 2043 887 2087 partem
919 2036 1056 2090 accipi
1078 2044 1260 2090 poterat.
1318 2034 1445 2084 Quod
1477 2034 1605 2075 Orel-

153 2112 236 2153 lius
262 2112 630 2166 perlurbule'onem
663 2126 804 2153 rerum
837 2113 1084 2175 impendere
1122 2113 1207 2154 dici
1238 2114 1432 2167 potuisse
1463 2122 1608 2167 nogat,

153 2190 265 2245 quod
301 2199 495 2245 tempora
527 2189 776 2244 perturbata
807 2190 942 2231 fuisse
963 2189 1116 2231 Cicero
1145 2192 1230 2231 iam
1262 2191 1463 2241 dixisset,
1494 2191 1606 2230 idern

147 2271 212 2308 ita
247 2270 442 2309 converti
477 2277 649 2323 potest,
693 2270 728 2308 si
764 2267 1017 2309 calumniari
1051 2269 1265 2309 oratorios
1294 2266 1500 2309 flosculos
1534 2282 1609 2309 vo-

151 2345 322 2396 lunius,
362 2355 408 2386 ut
440 2345 690 2400 perturbata
728 2354 924 2401 tempora
966 2347 1050 2386 iam
1095 2347 1223 2386 etiam
1267 2354 1431 2386 mutata
1472 2346 1607 2386 fuisse

146 2422 555 2478 impendentemque
587 2437 745 2464 novam
778 2425 1061 2464 mutationem
1097 2424 1140 2463 in
1169 2422 1325 2464 melius
1361 2425 1499 2478 accipi
1532 2425 1606 2465 de-

145 2499 296 2540 buisse
337 2501 544 2542 dicamus.
625 2501 712 2542 Sed
746 2509 942 2557 tempora
978 2500 1229 2557 perturbata
1275 2516 1359 2541 non
1402 2503 1604 2541 continuo

149 2590 318 2625 rerum,
359 2578 398 2617 id
436 2588 527 2627 est,
562 2580 622 2618 rei
656 2577 838 2634 publicae
871 2578 1239 2634 perturbationem
1283 2577 1467 2628 habent,
1512 2591 1605 2632 qua:

151 2652 366 2693 vocabula
405 2653 502 2705 pins
533 2654 886 2706 complectuntur.
954 2655 1144 2697 Omnino
1177 2655 1360 2705 Latine,
1407 2663 1521 2695 certe
1553 2656 1605 2696 ad

149 2732 422 2787 antiquorum
458 2745 579 2771 usum
600 2761 611 2781 ,
646 2745 729 2772 non
762 2731 916 2773 dicitur
947 2734 1007 2774 ita
1033 2739 1286 2788 permulta-e
1317 2742 1356 2771 et
1388 2738 1607 2785 pernulla-

149 2811 238 2857 !ae'o,
274 2822 365 2862 quae
401 2822 526 2850 voces
557 2807 738 2850 alteram
768 2823 856 2851 rem
887 2825 963 2866 pro
995 2810 1132 2853 altera
1160 2811 1277 2860 dari,
1311 2811 1474 2864 accipi,
1507 2812 1605 2864 poni
