1981 3390
360 242 459 289 404
825 242 827 244 “
1139 260 1156 275 .

296 370 358 400 ost
388 374 647 414 pronomem
677 360 796 401 nulla
836 370 901 401 est
933 363 1046 402 enim
1074 362 1405 413 demonstratio,
1438 364 1514 404 sed
1544 363 1733 418 simplex

294 439 354 478 rei
386 452 521 492 nuper
552 439 780 478 nominante
827 441 1200 487 commemoratio3
1243 442 1388 493 itaque
1432 449 1505 480 aut
1545 441 1594 480 id
1631 441 1734 495 poni

293 513 477 554 debebat
504 523 576 554 aut
608 527 843 567 pronomen
879 516 1041 561 omitti3
1069 515 1222 554 deinde
1243 515 1345 555 ordo
1376 516 1603 557 verborum
1622 517 1736 570 prio'r

292 605 375 629 non
410 593 596 644 optimus
631 597 719 638 est,
753 588 886 638 alter,
929 591 1000 642 qui
1041 592 1337 630 auctoritatem
1368 591 1523 642 habet,
1560 606 1734 643 pravus,

291 667 544 718 pronomine
579 666 671 704 sine
702 678 831 704 causa
864 672 950 704 tam
980 663 1110 719 longe
1142 664 1194 704 ab
1228 667 1352 705 initio
1383 669 1558 707 reiecto.
1622 669 1736 708 Scri-

293 740 476 781 bendum
511 749 575 780 est
608 741 764 794 igitur:
817 739 978 780 Datum
1023 754 1114 780 esse
1157 743 1283 779 (timec
1320 739 1420 781 huic
1461 743 1510 783 P.
1542 742 1734 792 Licinio,

291 832 385 857 eam
417 831 586 872 quoque
619 816 673 856 ob
707 829 906 865 causam,
948 816 1058 870 quod
1093 829 1189 856 eum
1222 816 1436 857 hominem
1469 818 1644 867 adesse,
1681 819 1733 858 de

289 907 372 946 quo
405 893 606 947 deinceps
646 907 723 944 per
765 901 901 932 totum
938 892 1081 932 locum
1123 893 1293 947 agitur,
1335 895 1480 934 statim
1513 893 1734 934 declaran-

288 970 388 1009 dum
418 977 522 1009 erat.
580 970 635 1009 Et
668 970 857 1009 adfuisse
890 968 1105 1009 Licinium
1136 970 1293 1009 iudicio
1326 971 1369 1009 in
1400 972 1462 1010 rei
1495 969 1733 1018 subselliis,

287 1054 404 1099 patet
433 1059 493 1084 ex
521 1060 555 1084 c.
586 1047 663 1094 28,
695 1048 751 1085 67
783 1047 888 1095 (tam
919 1044 1200 1095 imbecillum,
1233 1059 1355 1098 quam
1389 1046 1580 1099 videtis).

405 1119 452 1160 C.
482 1122 561 1171 28,
595 1123 651 1161 67
681 1122 841 1161 editur:
891 1119 983 1160 Sed
1012 1124 1053 1159 ει·
1081 1133 1144 1160 me
1173 1121 1379 1172 mediant,
1412 1128 1572 1162 navent
1598 1124 1731 1162 aliam

287 1211 482 1249 operam,
519 1198 648 1236 aliam
685 1200 837 1236 ineant
868 1199 1084 1249 gratiam,
1127 1200 1172 1235 in
1218 1198 1321 1236 allis
1361 1211 1405 1237 se
1435 1197 1559 1237 rebus
1593 1203 1732 1237 oslen-

284 1280 390 1313 Ienl.
449 1274 612 1314 Verum
643 1274 721 1313 hac
751 1274 1061 1312 sententiarum
1103 1273 1240 1312 forma
1271 1271 1592 1327 significan1u8‚
1631 1274 1732 1328 quid

285 1362 379 1389 esse
414 1351 649 1403 putandum
680 1351 760 1399 sit,
812 1351 849 1388 si
878 1348 1040 1403 aliquid
1084 1363 1194 1388 nunc
1232 1362 1327 1388 esse
1369 1348 1587 1403 fingatur,
1618 1350 1732 1403 quod

284 1440 367 1465 non
395 1427 475 1472 sit;
505 1425 656 1467 Cicero
689 1440 784 1466 cum
815 1426 1015 1465 irrisione
1046 1424 1273 1465 consilium
1308 1426 1404 1472 dat,·
1441 1427 1482 1465 id
1510 1424 1606 1465 fieri
1636 1434 1729 1480 pot-

284 1512 348 1541 est
379 1510 452 1542 aut
485 1502 765 1543 conditionali
797 1502 946 1550 modo,
994 1503 1066 1555 qui
1107 1503 1209 1542 erit:
1252 1505 1293 1540 si
1329 1515 1393 1541 me
1423 1501 1603 1541 audient
1634 1501 1731 1551 (au-

284 1578 378 1617 dire
406 1580 586 1631 volent),
620 1579 841 1619 navabant
874 1583 978 1625 cet„
1005 1585 1078 1616 aut
1105 1577 1401 1617 exhortando:
1438 1575 1529 1616 Sed
1559 1590 1623 1616 me
1650 1590 1727 1617 au·

283 1655 421 1703 (liam,
449 1661 612 1694 navent
643 1656 774 1694 ullum
809 1667 992 1715 operam,
1026 1659 1105 1693 cel.
1169 1653 1222 1692 Et
1244 1652 1332 1692 haec
1353 1654 1560 1692 orationis
1591 1653 1730 1693 forma

283 1740 347 1770 cst
379 1733 422 1771 in
458 1730 676 1771 codicibus
710 1731 835 1779 Pan,
867 1729 994 1769 Bern.
1032 1738 1240 1783 utroque,
1281 1729 1443 1768 Erfurt.
1489 1728 1557 1767 'In
1591 1728 1728 1768 tribus

282 1807 606 1848 Oxoniensibus
651 1816 693 1846 et
735 1807 800 1846 ed.
842 1820 880 1845 a.
922 1807 1056 1854 1472,
1099 1820 1150 1844 ne
1186 1804 1395 1859 particula
1425 1804 1728 1845 conditionalis

280 1884 475 1933 deesset,
522 1883 598 1923 sed
640 1885 682 1922 in
714 1887 755 1922 εἰ
793 1890 1003 1922 mutatum
1039 1889 1130 1931 est,
1172 1882 1371 1936 idemque
1403 1881 1651 1921 adnotatum
1682 1883 1727 1921 in

280 1962 480 2014 margine
510 1960 601 2000 cod.
633 1958 761 1999 Bern.
796 1959 1004 2008 alterius,
1034 1959 1233 1998 recentis.

403 2035 451 2076 C.
480 2037 549 2086 30,
581 2038 632 2076 71
665 2036 763 2075 ideo
798 2034 1014 2075 difficilius
1050 2043 1115 2074 est
1146 2048 1291 2089 verani
1325 2035 1579 2089 scripturam
1607 2048 1727 2088 repe-

281 2116 364 2153 rire
399 2115 441 2153 in
474 2113 667 2153 codicum
702 2113 898 2152 dissensu
930 2119 973 2152 et
1003 2112 1336 2165 depravatione,
1369 2111 1479 2164 quod
1509 2124 1578 2150 res
1601 2110 1727 2150 foeda

279 2199 320 2228 ct
363 2189 494 2243 vulgo
533 2190 704 2229 infamis
744 2188 1000 2229 brevissime
1034 2185 1320 2242 significatur.
1391 2185 1610 2235 meltius,
1651 2186 1727 2226 ad-

278 2274 446 2319 sumpta
479 2266 704 2305 Garatonii
735 2267 1004 2314 coniectura,
1035 2264 1190 2304 edidit:
1223 2267 1272 2302 ut
1302 2263 1382 2302 illa
1402 2268 1534 2302 *velus
1563 2265 1725 2302 oerarae'a

264 2341 431 2391 fabula
448 2341 748 2389 refricaretur.
815 2341 868 2379 Et
893 2340 1118 2380 Garatonii
1143 2339 1312 2392 quidem
1335 2339 1578 2378 emendatio
1596 2338 1724 2386 (ὠνα-

278 2421 365 2469 ria)
400 2431 528 2471 quum
568 2416 760 2469 alioquin
789 2414 1029 2467 probabilis
1061 2423 1126 2453 est
1154 2423 1244 2453 tum
1277 2413 1468 2452 codicum
1503 2413 1722 2466 scripturae

276 2494 478 2547 proxima
499 2493 563 2545 ¹);
619 2491 791 2532 Afranii
840 2491 1012 2544 quidem
1054 2503 1208 2529 nomen
1261 2488 1361 2528 hinc
1406 2487 1721 2529 alienissimum

303 2637 339 2676 ¹)
367 2635 421 2668 Ab
447 2632 581 2668 Oronti
607 2631 724 2666 amico
763 2642 782 2664 c
818 2631 897 2664 cod.
926 2631 1013 2663 Par.
1041 2632 1230 2663 motatum
1257 2632 1310 2663 est
1337 2628 1506 2670 afraria,
1545 2638 1657 2672 quum
1686 2627 1722 2661 in

365 2693 526 2727 editione
552 2696 647 2726 esset
677 2691 853 2732 Afrania‚·
888 2689 986 2723 idem
1013 2690 1147 2733 reliqui
1177 2689 1211 2722 ei
1236 2689 1394 2733 proximi
1419 2689 1572 2728 habent,
1596 2692 1637 2721 ut
1662 2687 1723 2720 iiic

365 2752 594 2798 Krarupium
620 2750 760 2796 aliquid
789 2750 929 2795 fugisse
958 2757 1108 2795 putem,
1139 2750 1200 2794 qui
1228 2751 1273 2784 nd
1303 2749 1458 2793 Afrania
1483 2746 1578 2781 nihil
1605 2747 1720 2781 adno-

366 2813 470 2847 tavit.
