1981 3390
1439 205 1527 252 ΙΙΙ

842 708 909 770 V

165 840 432 895 Praefatio
472 841 714 895 editioni
754 843 1073 895 orationum
1128 841 1463 894 selectarum
1511 839 1603 894 Ci-

162 938 383 991 ceronis
418 937 662 990 Hauniae
707 955 756 990 a.
800 936 944 991 1830
988 936 1234 1008 vulgatae
1278 936 1601 1009 praeposita.

161 1140 280 1230 Aut
303 1186 469 1229 nullam
499 1195 572 1229 aut
603 1187 858 1244 perbrevem
897 1188 1196 1244 praefationem
1226 1188 1448 1245 postulare
1487 1185 1606 1230 vi'de-

162 1272 231 1306 tur
263 1263 485 1306 Ciceronis
517 1266 759 1307 orationum
800 1266 965 1321 aliquot
1007 1267 1141 1308 editio
1174 1266 1442 1308 scholasticae
1482 1269 1605 1307 insti-

163 1343 342 1382 tutionis
373 1357 502 1384 causa
531 1352 746 1398 suscepta,
780 1358 863 1398 qua
890 1345 985 1399 ipsa
1016 1345 1200 1387 oratoris
1227 1343 1359 1385 verba
1390 1346 1484 1385 sine
1516 1343 1622 1385 ulla-

163 1422 567 1461 commentariorum
602 1422 849 1461 accessione
880 1422 1153 1462 continentur
1183 1430 1226 1462 et
1255 1423 1298 1463 in
1336 1437 1419 1477 qua
1451 1436 1505 1463 ne
1534 1422 1606 1462 de-

162 1496 299 1538 lectus
330 1497 501 1552 quidem
532 1498 775 1538 orationum
809 1511 948 1538 novus
979 1498 1119 1540 factus
1147 1507 1226 1540 est.
1294 1499 1406 1540 Nam
1443 1513 1502 1540 ex
1536 1513 1607 1540 ea·
1635 1529 1639 1533 ,

163 1588 257 1616 rum
286 1576 529 1616 orationum
563 1588 769 1626 numero,
813 1588 905 1630 quae
941 1574 1055 1617 hunc
1085 1578 1130 1617 in
1159 1575 1321 1617 scholis
1354 1577 1514 1618 nostris
1545 1575 1608 1616 lo—

165 1666 261 1693 cum
289 1653 376 1694 iam
405 1653 608 1693 diuturna
638 1654 916 1708 possessione
948 1661 1120 1705 tenent,
1168 1655 1222 1694 iis
1255 1654 1473 1705 detractis,
1514 1667 1608 1709 quae

166 1743 270 1770 vere
301 1728 522 1771 Ciceronis
551 1732 637 1771 sint
669 1745 820 1782 necne,
854 1730 1097 1773 dubitatum
1127 1746 1152 1772 a
1184 1731 1332 1772 multis
1363 1740 1427 1772 est
1459 1733 1606 1786 itaque

166 1807 459 1862 disputatum,
506 1816 554 1848 ut
585 1816 700 1849 certe
733 1822 818 1849 non
850 1810 1034 1864 optimas
1065 1823 1161 1851 esse
1195 1823 1343 1864 omnes
1376 1809 1608 1858 fateantur,

166 1885 416 1941 adiectaque
445 1885 695 1941 Philippicae
727 1887 952 1936 secundm,
1004 1901 1097 1942 quae
1130 1889 1172 1927 in
1206 1886 1320 1927 hunc
1351 1885 1609 1925 selectarum

167 1963 408 2002 orationum
440 1976 664 2003 numerum
696 1973 870 2018 recepta
908 1965 994 2003 iam
1028 1971 1146 2012 erat,
1184 1962 1427 2014 Philippica
1455 1960 1608 2013 prima,

168 2039 261 2078 sine
287 2051 372 2091 qua
399 2037 478 2078 illa
508 2047 625 2078 recte
646 2037 736 2093 legi
765 2053 893 2093 posse
925 2052 1012 2079 non
1041 2037 1229 2086 videtur,
1260 2035 1369 2076 nihil
1400 2044 1609 2090 praeterea

169 2116 211 2155 in
247 2114 327 2154 hac
365 2128 412 2155 re
459 2116 597 2155 visum
639 2123 703 2155 est
734 2115 999 2155 mutandum.
1093 2113 1178 2155 Sed
1220 2121 1362 2154 tamen
1401 2121 1447 2152 ut
1476 2111 1607 2168 paulo

170 2190 365 2247 pluribus
400 2189 543 2231 verbis
576 2191 656 2231 hoc
688 2190 783 2231 loco
816 2192 1020 2232 utendum
1051 2193 1122 2242 sit,
1154 2191 1273 2242 facit,
1312 2190 1422 2245 quod
1451 2191 1494 2230 in
1527 2189 1608 2229 hoc

168 2267 392 2309 volumine
422 2266 520 2323 plus
550 2269 593 2307 in
629 2267 774 2322 aliquo
804 2282 964 2323 genere
997 2269 1097 2309 novi
1131 2270 1259 2318 inest,
1298 2281 1424 2323 quain
1455 2268 1497 2307 in
1531 2266 1609 2307 hu-

169 2345 354 2386 iusmodi
379 2343 641 2386 editionibus
682 2346 826 2386 inesse
859 2344 984 2386 solet.
1075 2345 1284 2400 Suscepta
1328 2345 1442 2385 enim
1483 2343 1612 2384 huius

173 2422 378 2464 editionis
412 2437 514 2464 cura
544 2422 588 2463 id
620 2436 689 2463 me
723 2423 964 2478 suscepisse
999 2420 1257 2473 statuebam,
1300 2430 1363 2473 ut,
1408 2422 1610 2477 quoniam

168 2503 213 2542 in
238 2501 396 2542 criticis
427 2499 736 2556 quaestionibus
768 2502 1044 2556 maximeque
1078 2501 1120 2540 in
1147 2498 1369 2541 Ciceronis
1399 2498 1609 2540 librorum

170 2593 275 2620 vera
301 2579 439 2620 forma
465 2577 769 2635 investiganda
800 2578 932 2620 studii
971 2577 1239 2633 aliquantum
1285 2585 1328 2618 et
1360 2589 1499 2632 operae
1530 2589 1607 2630 po-

170 2657 382 2707 suissem,
424 2655 491 2697 hae
532 2658 752 2709 orationes
796 2656 1110 2698 emendatiores
1154 2654 1499 2696 describerentur
1524 2667 1609 2694 non

170 2731 325 2785 solum,
359 2748 485 2790 quam
515 2735 559 2776 in
583 2732 838 2792 vulgaribus
865 2733 1083 2790 exemplis
1107 2733 1501 2782 circumferrentur,
1533 2744 1608 2771 ve-

174 2823 267 2850 rum
295 2801 439 2861 etiam]
474 2827 600 2869 quam
633 2815 677 2855 in
703 2815 772 2863 iis,
803 2825 896 2868 quae
926 2814 1090 2868 optima
1123 2811 1404 2856 haberentur:
1435 2822 1532 2850 nam
1564 2809 1607 2849 in
