1981 3390
1488 258 1587 309 265

216 387 392 429 rantur:
434 389 495 420 ex
531 376 686 433 quibus
725 375 833 418 locis
878 385 1072 428 constat,
1112 384 1269 432 praeter
1316 379 1660 433 antiquissimam

223 458 384 498 Ostiam
416 457 461 497 in
493 454 573 495 hoc
603 467 781 494 numero
823 454 958 496 fuisse
998 457 1206 505 Aulium,
1247 470 1330 510 quo
1376 457 1478 496 novi
1519 455 1663 497 coloni

217 535 338 575 cives
365 532 535 572 deducti
559 540 659 570 sunt
685 546 723 571 a.
754 532 838 572 338
868 532 986 582 (Liv.
1019 531 1154 582 VIII,
1187 534 1282 582 14),
1309 533 1472 573 Anxur
1496 546 1531 572 s.
1558 533 1664 573 Tar-

216 613 409 650 racinam
437 607 549 660 (ded.
577 622 618 648 a.
643 610 727 648 329
754 610 928 649 secund.
956 609 1074 649 Livii
1100 608 1176 649 lib.
1193 609 1318 659 VIII,
1347 612 1427 659 213
1462 609 1662 651 Velleius

216 687 329 726 enim
358 685 411 726 ad
446 699 484 725 a.
516 686 599 725 327
629 685 804 736 refert),
852 685 1110 727 flle‘nlurmts
1142 695 1185 727 et
1216 685 1446 728 Sinuessas
1475 687 1590 742 (ded.
1623 702 1662 728 a.

213 764 325 813 2963
363 762 462 802 Liv.
492 763 565 812 X,
603 763 701 812 21),
748 762 940 803 Caslrmn
981 763 1152 804 Novum
1195 773 1237 803 et
1279 763 1436 805 Senam
1479 765 1665 815 (dedunt.

214 840 328 880 inter
353 854 392 880 a.
417 841 501 879 300
526 848 567 879 et
585 841 754 880 initium
781 839 887 880 belli
912 841 1060 881 Punici
1082 842 1227 895 primi)
1251 843 1314 892 ¹),
1346 843 1517 884 Alsium
1545 842 1662 892 (ded.

215 930 255 957 a.
280 917 389 966 245,
433 924 544 956 teste
577 915 722 966 veih,
761 917 803 956 in
843 919 965 956 cuius
1006 918 1151 957 codiee
1185 918 1390 970 scriptum
1425 926 1517 957 erat
1554 917 1664 960 Fre-

215 994 361 1047 gelloe,
393 991 494 1033 coll.
528 992 625 1032 Liv.
660 993 762 1046 epit.
793 993 889 1043 19),
920 993 1085 1046 Pyrgos·
1113 994 1304 1043 (incertae
1336 995 1509 1045 aetatis).
1570 993 1664 1035 Nee

215 1068 386 1124 plures,
431 1082 559 1124 quain
592 1067 670 1109 has
701 1069 843 1122 ipsas,
885 1069 1021 1109 fuisse
1064 1069 1291 1124 probabile
1333 1080 1420 1119 est3
1459 1079 1574 1112 certe
1605 1085 1664 1111 ex

214 1147 292 1196 iis,
338 1160 432 1201 quae
465 1146 576 1201 apud
609 1147 840 1199 scriptores
880 1147 1181 1197 nominantur,
1224 1147 1307 1188 hue
1346 1149 1501 1188 referri
1543 1148 1666 1189 nulla

216 1231 371 1278 potest.
437 1222 609 1264 Civium
641 1231 783 1263 autem
812 1237 961 1263 omnes
984 1223 1135 1274 fuisse,
1166 1233 1284 1279 patet
1308 1228 1507 1278 primum,
1539 1224 1666 1280 quod,

217 1315 301 1355 quo
332 1299 430 1340 loco
456 1299 635 1350 Livius,
675 1308 723 1340 ut
762 1301 907 1340 statim
938 1300 1126 1351 dicetur,
1167 1299 1346 1342 Latinas
1375 1301 1568 1342 colonias
1599 1316 1665 1341 re-

220 1386 390 1427 censet,
425 1391 518 1433 quae
551 1376 658 1417 belli
688 1377 840 1417 Punici
871 1377 1049 1417 secundi
1080 1386 1275 1432 tempore
1307 1386 1451 1428 erant,
1496 1377 1572 1418 hns
1603 1379 1664 1418 ita

221 1456 395 1504 omittit,
427 1462 474 1493 ut
507 1468 590 1494 non
622 1462 824 1508 tanquam
857 1453 1080 1509 singulare
1101 1469 1238 1510 genus
1261 1457 1468 1509 excipiat,
1496 1455 1665 1505 deinde,

221 1531 335 1586 qnod
379 1530 521 1571 ooloni
554 1530 676 1570 civili
721 1518 888 1570 auxilio
928 1532 997 1570 usi
1029 1539 1153 1582 sunt,
1194 1530 1390 1572 tribunos
1423 1530 1564 1586 plebis
1595 1532 1668 1571 ad-

218 1621 374 1650 versus
408 1615 637 1662 praetorein
673 1607 726 1647 ad
767 1606 966 1648 militiam
997 1616 1223 1663 cogentem
1252 1607 1524 1663 appellantes
1551 1608 1668 1660 (Liv.

219 1683 464 1738 XXXVI,
499 1682 570 1738 3),
610 1691 829 1739 postremo
858 1698 917 1725 ex
952 1684 1033 1725 hoe
1066 1687 1187 1739 ipso,
1221 1684 1335 1740 quod
1364 1684 1549 1725 Romani
1579 1698 1669 1725 ma-

219 1763 427 1817 gistratus
469 1760 684 1805 delectum
727 1761 978 1806 colonorum
1024 1760 1229 1804 habuisse
1278 1770 1525 1808 narrantum
1568 1775 1667 1803 nam

251 1946 289 1988 ³)
316 1945 359 1978 In
389 1944 478 1989 epit.
510 1943 609 1977 Livii
635 1944 722 1978 libr.
760 1945 812 1979 xl
850 1944 994 1986 Castri,
1031 1944 1157 1983 Senae,
1193 1943 1346 1977 Hadriae
1374 1943 1546 1977 deductio
1581 1954 1669 1976 con-

313 2004 469 2038 iunctim
495 2008 668 2046 notatur,
702 2005 847 2038 bellum
873 2009 1022 2046 antem,
1063 2005 1160 2048 quod
1190 2009 1320 2037 contra
1344 2004 1475 2036 Gallos
1503 2003 1669 2036 Senonas

314 2074 348 2097 ει.
373 2063 443 2096 283
465 2067 613 2108 gestum
641 2067 714 2104 est,
753 2064 791 2097 in
828 2064 988 2109 epitome
1024 2063 1113 2097 libri
1136 2064 1220 2097 ΧΠ.
1293 2062 1474 2107 Polybius
1501 2062 1579 2105 (ΙΙ,
1605 2062 1668 2103 19)

314 2123 451 2157 Senam
478 2123 583 2157 vietis
609 2123 731 2158 Gallis
756 2124 954 2157 deductam
981 2124 1135 2164 scribit,
1170 2123 1205 2156 id
1234 2127 1310 2164 est,
1343 2134 1376 2158 a.
1403 2121 1471 2156 283
1496 2126 1560 2156 aut
1584 2133 1671 2166 pro-

311 2183 411 2217 ximo
440 2193 548 2223 anno,
573 2183 670 2226 quod
695 2194 824 2216 verum
848 2183 926 2217 sine
952 2183 1064 2216 (lubio
1091 2188 1155 2216 est.
1206 2184 1378 2217 Castrum
1407 2181 1571 2215 Velleius
1599 2181 1670 2214 ini-

314 2243 366 2278 tio
403 2242 514 2287 primi
554 2243 646 2276 belli
680 2243 812 2278 Punici
849 2243 996 2291 colonia
1031 2247 1253 2287 occupatum
1298 2242 1428 2276 scribit
1471 2252 1546 2275 nna
1584 2253 1669 2275 eum

312 2303 451 2336 Firmo.
507 2303 684 2347 intelligo
717 2304 884 2336 Castrum
909 2303 1050 2336 Novum
1076 2303 1158 2346 agri
1184 2302 1312 2336 Piceni
1339 2307 1375 2336 et
1401 2303 1497 2347 apud
1522 2301 1672 2335 Livium

315 2367 353 2397 et
376 2362 562 2396 Velleium
588 2367 740 2407 propter
771 2364 985 2397 adiunctam
1011 2363 1111 2407 apud
1139 2362 1250 2396 illum
1275 2362 1418 2403 Adi-iae,
1444 2362 1543 2406 apud
1573 2362 1672 2395 hunc

313 2422 431 2458 Firmi
446 2423 684 2464 mentionem,
704 2427 742 2457 ot
757 2434 900 2457 errasse
913 2424 959 2456 (Ie
972 2428 1140 2468 tempore
1156 2422 1341 2456 Velleium
1357 2427 1459 2467 puto.
1497 2423 1670 2467 llopfen-

312 2484 401 2518 sack
416 2482 590 2526 (Staatsr.
608 2484 673 2517 der
698 2485 808 2518 Ram.
833 2497 867 2529 p.
891 2484 979 2527 156)
1006 2485 1105 2528 apud
1132 2482 1343 2524 isoncium,
1370 2482 1672 2516 Freinshemium

316 2548 480 2584 secutus,
507 2543 687 2589 intelligit
716 2545 908 2586 Picenum,
938 2544 1071 2578 deinde
1099 2544 1286 2578 coloniam
1311 2543 1542 2579 maritimam
1569 2543 1672 2586 ponit

316 2604 490 2637 Castrum
513 2604 661 2638 Novum
698 2616 740 2638 ex
765 2605 863 2639 Livii
894 2606 1057 2646 xxvu,
1092 2603 1157 2646 383
1195 2616 1325 2638 verum
1352 2603 1463 2636 oliam
1491 2602 1670 2635 Picenum

316 2663 413 2697 illud
448 2664 626 2707 oppidum
661 2665 759 2698 Novi
793 2676 999 2710 cognomen
1028 2664 1196 2697 habebat
1229 2664 1346 2706 (Plin.
1375 2663 1418 2696 N.
1447 2663 1519 2702 111,
1547 2662 1569 2694 5
1595 2666 1668 2695 ant.

317 2723 414 2756 med.
448 2727 536 2757 sect.
567 2724 623 2766 6).
689 2725 729 2759 Si
767 2730 899 2769 praeter
934 2724 1163 2758 maritimam
1198 2726 1318 2758 altera
1360 2722 1491 2755 suisset
1525 2721 1672 2754 colonia

318 2783 491 2817 Castrum
516 2784 674 2828 Novum,
699 2785 798 2821 iuter
824 2784 976 2820 Latinas
1004 2796 1026 2820 n
1048 2785 1153 2822 Livio
1179 2785 1338 2824 xxvn,
1369 2784 1392 2817 9
1418 2787 1453 2817 ct
1476 2781 1521 2816 10
1550 2781 1669 2816 nomi-

319 2847 408 2880 nata
433 2847 537 2879 essct,
