1981 3390
1430 264 1530 313 363

154 387 289 437 levit,
330 401 488 442 magno
529 386 754 427 sententioe
788 383 1060 425 detrimento.
1130 382 1259 424 Putat
1292 386 1406 425 enim
1441 385 1603 428 Graecis

154 463 328 519 populis
358 464 541 518 opponi,
573 463 645 517 qui
674 461 888 501 deteriore
918 459 1170 501 condicione
1201 461 1377 501 fuerint.
1439 461 1605 504 Verum

153 543 340 596 primum
386 549 475 580 tum
519 537 574 578 ob
613 539 750 592 ipsam
790 539 1107 593 oppositionem
1151 537 1244 588 (eos
1289 542 1455 588 aulem,
1499 552 1604 592 qnos

154 617 392 670 vectigales
414 619 514 666 etc.)
567 614 815 656 Graecorum
839 615 1033 656 condicio
1050 613 1337 669 significanda
1359 623 1465 665 erat,
1489 615 1604 670 quod

151 694 329 735 minime
361 691 410 733 fit
429 692 572 733 verbis
591 692 710 746 apud
726 693 847 740 illos,-
879 692 1034 732 deinde
1053 705 1182 746 quum
1211 705 1285 746 per
1310 705 1357 731 se
1381 693 1529 746 inepte
1556 694 1602 733 in

152 769 234 811 hac
259 785 306 811 re
339 769 491 825 populi
523 784 608 810 non
638 769 778 810 Graeci
802 777 1215 819 commemorantur,
1244 768 1356 823 apud
1386 783 1493 823 quos
1512 769 1603 812 haeo

153 848 258 887 artis
278 848 421 887 studia
446 855 487 886 ct
505 861 636 901 opera
658 846 777 887 nulla
803 856 952 896 erant,
985 854 1075 886 tum
1099 845 1180 886 hoc
1200 845 1297 886 loco
1318 847 1605 900 ineptissime,

153 925 355 979 quoniam
391 937 565 964 causam
597 923 847 963 relictorum
880 924 1055 962 omnino
1089 922 1202 976 apud
1234 921 1437 962 subactos
1468 937 1605 978 popu-

152 999 220 1041 los
253 999 534 1041 artificiorum
576 1001 691 1040 dixit
733 999 895 1048 fuisse,
939 998 1052 1053 quod
1097 997 1246 1038 Groeci
1286 999 1528 1040 mirandum
1558 1001 1604 1041 in

154 1077 327 1117 modum
361 1075 492 1116 rebus
532 1078 627 1116 istis
666 1074 999 1116 delectarentur.
1070 1073 1242 1115 Deinde
1276 1077 1453 1116 minime
1487 1075 1606 1118 Grae-

154 1167 303 1194 corum
348 1155 557 1194 maiorem
609 1161 777 1207 partem
828 1151 991 1193 liberas
1031 1152 1362 1208 foederatasque
1407 1155 1606 1194 civitates

152 1228 386 1281 habuisse,
440 1239 487 1270 ut
531 1229 641 1270 nulli
684 1232 796 1271 inter
840 1244 914 1270 eos
955 1229 1193 1285 vectigales
1240 1244 1290 1270 ac
1335 1230 1607 1285 stipendiarii

153 1315 328 1357 essent,
371 1308 465 1346 sine
498 1321 582 1362 quo
617 1309 778 1348 corruit
810 1315 902 1348 tota
930 1306 1010 1348 illa
1039 1308 1283 1362 oppositio,
1316 1307 1528 1358 ostendit,
1561 1317 1610 1349 ut

153 1364 300 1424 bre‘vis
331 1384 440 1434 sim,
476 1388 713 1437 provinciae
754 1385 894 1425 sonna
931 1393 973 1424 et
1000 1384 1240 1437 proconml
1265 1383 1458 1424 Achaim.
1522 1384 1608 1426 lta-

155 1474 238 1514 que
273 1458 547 1501 scribendum
582 1470 672 1511 est,
717 1470 764 1501 ut
793 1462 836 1502 in
869 1460 1076 1502 addendis
1107 1460 1186 1500 illo
1216 1460 1312 1501 loco
1353 1461 1473 1502 dixi:
1516 1460 1610 1502 hoec

153 1550 247 1577 esre
276 1537 395 1590 apud
424 1538 524 1577 illos
555 1551 679 1591 quam
702 1539 921 1591 plut-lma,-
963 1537 1082 1591 apud
1115 1540 1254 1577 socios·
1294 1546 1400 1588 etc.,
1445 1547 1492 1578 ut
1520 1541 1608 1594 pri-

152 1626 269 1654 mum
297 1612 349 1652 de
368 1610 531 1654 Graecis
565 1615 793 1664 universe,
827 1621 917 1654 tum
951 1614 1004 1654 de
1037 1613 1200 1668 duplici
1231 1628 1393 1669 genere
1426 1615 1607 1656 dicatur.
1654 1671 1657 1673 ‚

152 1688 265 1731 Nam
296 1689 407 1744 quod
425 1689 653 1745 Zumptius
690 1691 810 1744 ipsos
843 1689 1082 1746 vectigales
1116 1705 1166 1731 ac
1198 1691 1503 1746 stipendiarios
1533 1707 1610 1748 ap·

151 1765 340 1822 pellatos
387 1779 483 1806 esse
525 1767 666 1807 socios
707 1766 882 1817 obiicit,
925 1767 1348 1822 comprehenduntur
1391 1770 1607 1811 interdum

155 1858 207 1884 eo
235 1845 425 1893 nomine,
456 1842 530 1883 ubi
557 1845 704 1884 mitius
737 1851 779 1884 et
812 1843 1186 1895 honorificentius,
1217 1845 1290 1885 sed
1315 1847 1520 1901 pinguius
1543 1846 1609 1887 lo-

154 1929 368 1976 quuntur;
414 1921 589 1975 proprie
620 1920 791 1975 quidem
825 1922 926 1975 quin
959 1923 1067 1961 socii
1091 1921 1276 1972 fuerint,
1320 1924 1391 1976 qui
1430 1923 1609 1964 foedera

154 1996 367 2037 haberent
397 2005 440 2036 et
470 1996 744 2048 libertatem,
772 2011 898 2038 nemo
932 1996 1125 2047 dubitat3
1160 2006 1202 2038 et
1230 2000 1403 2053 proprie
1434 1998 1609 2040 Cicero-

154 2087 253 2114 nem
287 2073 369 2114 hoc
402 2073 499 2114 loco
531 2087 626 2114 esse
658 2073 866 2125 locutum,
899 2088 960 2114 ex
990 2076 1263 2130 oppositione
1294 2084 1472 2131 apparet
1493 2076 1546 2129 ¹).

180 2255 217 2298 ι)
243 2254 365 2288 Paulo
393 2258 480 2288 ante
505 2253 572 2295 57,
608 2253 676 2289 128
704 2255 901 2300 Zumptius
927 2256 1062 2290 edidit:
1091 2267 1244 2300 parvum
1269 2256 1363 2291 illud
1387 2260 1498 2300 caput
1520 2257 1609 2302 pul-

248 2315 486 2353 cherrimum,
525 2314 694 2348 ordinem
731 2317 934 2350 verborum
960 2328 979 2350 e
1005 2317 1145 2350 Guelff.
1175 2328 1253 2351 esse
1276 2317 1402 2351 dicens
1428 2329 1496 2362 pro
1524 2319 1609 2352 vul-

247 2380 338 2420 gato
365 2378 475 2418 caput
508 2374 624 2413 illud,
662 2374 698 2409 in
734 2387 806 2419 quo
834 2387 940 2410 error
975 2382 1053 2418 θείς
1082 2388 1170 2410 nam
1202 2379 1295 2411 illud
1335 2382 1446 2422 caput
1481 2382 1537 2412 est
1569 2378 1609 2412 in

249 2434 472 2480 vulgaribus
512 2434 592 2467 edd.
653 2435 750 2469 Puto
782 2436 820 2470 in
847 2437 988 2472 Guelff.
1015 2437 1154 2478 fuisso,
1191 2439 1287 2482 quod
1315 2444 1397 2473 erat
1423 2439 1459 2472 in
1489 2439 1609 2474 Paris.

274 2495 343 2528 771
370 2495 435 2536 A„
463 2498 575 2538 caput
601 2494 706 2528 illud.
770 2496 843 2530 Sed
874 2508 1052 2541 parvum,
1093 2498 1190 2542 quod
1217 2498 1252 2532 in
1280 2500 1503 2544 vulgaribus
1530 2499 1607 2533 edi-

248 2553 413 2588 iionibus
440 2558 526 2588 ante
558 2554 742 2589 Bcckium
768 2560 869 2598 erat,
904 2568 999 2591 unus
1035 2559 1233 2593 confirmat
1267 2570 1289 2593 a
1322 2559 1477 2603 reliquis
1503 2560 1610 2593 bonis

248 2613 440 2648 discedens
476 2615 605 2651 Guelf.
632 2616 758 2661 prior,
793 2617 1006 2662 habetque,
1043 2623 1085 2652 ut
1119 2620 1299 2664 pleraque
1323 2619 1434 2652 huius
1462 2618 1610 2663 generis

249 2671 287 2705 in
312 2673 385 2706 hoe
412 2674 557 2716 codice,
586 2676 806 2711 coniecturae
830 2677 979 2712 librarii
1002 2679 1186 2723 speciem,
1220 2691 1287 2713 nec
1324 2679 1409 2712 inde
1444 2684 1527 2712 orta
1551 2690 1610 2712 re-

250 2731 440 2777 liquorum
465 2734 650 2779 scriptura
668 2737 788 2772 videri
804 2743 946 2782 potest3
983 2743 1075 2781 tum,
1102 2751 1168 2773 cur
1188 2740 1352 2784 parvitas
1378 2738 1498 2783 primo
1525 2739 1608 2774 loco

249 2793 414 2827 notanda
431 2793 558 2835 suerit,
586 2805 720 2840 parum
738 2798 986 2843 perspicitur-3
1016 2799 1095 2844 ipse
1112 2811 1257 2844 quoque
1278 2799 1477 2832 verborum
1503 2793 1608 2840 ordo,

250 2851 281 2886 ti
309 2853 355 2888 ad
380 2854 492 2889 fidem
518 2855 654 2891 codicis
679 2857 796 2892 Paris.
827 2862 885 2900 et,
912 2864 954 2895 ut
977 2860 1130 2904 opinor,
1158 2859 1297 2893 Guelfl'.
1331 2862 1497 2894 mutatus
1523 2859 1604 2894 sue-
