1981 3390
1415 244 1512 294 221

131 386 260 429 quum
300 379 397 428 post
433 367 596 410 bellum
637 363 800 406 sociale
833 378 982 406 omnes
1030 363 1169 406 ltalia:
1212 365 1362 420 populi
1408 368 1448 406 in
1490 370 1586 407 uni-

135 464 268 493 versae
300 450 365 491 rei
397 444 583 502 publica:
617 450 660 483 et
691 443 862 497 imperii
894 444 1145 484 societatem
1176 451 1429 497 partemque
1464 445 1587 483 veni-

133 536 266 578 rent,
296 538 380 566 non
425 530 490 563 est
529 520 610 561 hoc
651 534 790 575 neque
835 520 885 560 nd
928 520 1177 575 exemplum
1224 521 1410 560 nominis
1440 519 1587 560 Latini

132 604 424 656 similiumque
469 598 689 639 foederum
743 599 805 637 ita
845 598 1031 647 sactum,
1076 605 1121 636 ut
1164 597 1345 653 singulm
1387 598 1587 637 civitates

133 687 382 727 manerent,
419 677 494 717 sed
528 689 753 717 commune
787 675 999 730 quoddam
1035 673 1244 715 haberent
1277 674 1506 715 concilium
1543 683 1586 714 et

132 770 343 799 summam
378 768 496 804 rem,
531 753 828 793 tantummodo
861 754 1021 792 arctius
1055 753 1267 793 adstricta:
1303 753 1413 792 inter
1445 766 1507 801 se,
1539 761 1585 790 ut

130 844 230 876 sunt
258 833 563 874 Helvetiorum
599 840 642 871 et
667 830 1026 871 Americanorum
1057 844 1126 870 res
1158 829 1372 884 publicae,
1405 843 1483 869 nec
1508 830 1585 878 ita,

131 920 178 952 ut
218 925 304 951 una
346 911 682 950 constitueretur
723 921 836 947 nova
878 907 1116 946 communis
1162 920 1230 945 res
1274 904 1472 959 publiea,
1528 905 1582 945 ab

133 985 331 1029 omnibus
372 985 547 1025 urbanis
580 984 791 1023 institutis
833 983 1052 1030 seiuncta3
1093 981 1168 1023 sed
1203 991 1356 1022 ceterae
1401 980 1585 1022 sublatae

133 1073 232 1107 sunt
265 1065 489 1110 civitates,
523 1068 570 1100 ut
603 1068 767 1100 tantum
801 1059 958 1114 oppida
989 1068 1228 1110 manerent,
1260 1073 1409 1099 omnes
1439 1068 1582 1100 autem

130 1141 328 1182 homines
367 1141 410 1179 in
442 1137 560 1178 urbis·
591 1137 796 1178 Romanae
830 1138 1050 1178 civitatem
1081 1138 1242 1192 recepti
1274 1145 1397 1187 sunt,
1435 1151 1583 1191 quem-

132 1218 360 1260 admodum
401 1218 487 1256 iam
525 1223 653 1255 antea
684 1216 728 1254 in
766 1215 820 1253 iis
865 1213 1038 1268 populis
1070 1214 1230 1254 factum
1263 1222 1382 1264 erat,
1424 1214 1580 1268 quibus

131 1293 386 1350 singulatim
420 1294 575 1333 civitas
608 1292 707 1331 data
740 1299 847 1340 erat,
878 1292 1056 1345 eiusque
1089 1290 1208 1331 urbis
1239 1299 1280 1331 et
1304 1294 1366 1331 rei
1400 1290 1583 1344 publiea}

132 1381 282 1413 vetera
316 1371 513 1411 instituta
544 1369 596 1409 ad
631 1377 764 1408 totam
797 1367 917 1408 illam
949 1367 1100 1422 populi
1136 1366 1294 1407 molem
1321 1366 1463 1408 subito
1495 1376 1582 1408 tra-

130 1450 257 1490 ducta
283 1450 338 1498 1).
402 1446 554 1500 Itaque
580 1460 632 1486 ea
662 1447 746 1486 iam
779 1446 935 1486 effecta
966 1453 1030 1484 est
1062 1458 1131 1484 res
1164 1444 1351 1498 publiea,
1379 1459 1472 1499 quae
1509 1444 1580 1486 vel

129 1526 304 1581 optimis
350 1521 542 1563 moribus
591 1531 705 1562 stare
756 1521 876 1561 nullo
929 1521 1055 1561 modo
1107 1530 1277 1574 posset,
1328 1521 1450 1561 nulla
1492 1523 1581 1562 iam

127 1611 252 1659 parte
292 1599 567 1656 publicorum
609 1599 903 1638 institutorum
953 1598 1005 1638 ad
1053 1597 1163 1637 hane
1205 1599 1384 1638 formam
1426 1612 1584 1638 eonve-

133 1682 305 1730 niente‚
335 1691 414 1718 nec
445 1690 548 1717 vere
579 1675 630 1716 ad
662 1689 751 1716 rem
784 1674 1001 1730 publicam
1033 1675 1416 1715 administrandam
1447 1676 1584 1715 omni-

131 1757 212 1799 bus
247 1755 369 1797 Italis
403 1753 628 1803 admissis,
684 1753 754 1806 qni
795 1751 915 1793 obire
950 1754 1124 1793 comitia
1164 1753 1312 1794 Romae
1346 1766 1430 1792 non
1460 1761 1582 1806 pote-

131 1843 243 1884 rant,
274 1833 349 1874 sed
382 1839 547 1872 tantum
584 1829 797 1870 vilissima
825 1829 1082 1883 populorum
1116 1831 1235 1881 faeco,
1266 1844 1359 1885 qum
1391 1831 1580 1884 undique

133 1913 178 1952 in
221 1912 435 1952 sentinam
479 1907 598 1949 urbis
649 1905 895 1948 confluebat
915 1908 974 1956 2).
1060 1907 1116 1947 Et
1162 1916 1303 1948 tamen
1343 1906 1451 1946 adeo
1493 1906 1584 1946 haee

224 2073 303 2106 quae
338 2061 456 2094 ltaliae
493 2061 538 2094 ad
586 2059 787 2103 imperium
828 2059 1041 2093 Romanum
1089 2060 1363 2094 adiunctionem
1408 2060 1582 2101 eontinet,

222 2122 349 2155 nullus
388 2121 517 2165 paullo
557 2120 740 2164 copiosior
777 2123 812 2152 et
838 2119 1045 2163 probabilis
1083 2124 1215 2155 auctor
1247 2124 1419 2164 superest
1454 2121 1519 2163 (ab
1547 2132 1580 2155 a.

222 2181 292 2214 Ch.
319 2179 388 2214 293
413 2181 460 2213 nd
487 2180 594 2213 initia
618 2179 713 2212 belli
738 2179 870 2212 Punici
895 2180 1036 2224 primi).

157 2242 195 2284 ²)
226 2241 303 2275 Csr.
330 2251 444 2285 supra
471 2253 504 2284 p.
530 2239 598 2273 218
623 2244 698 2272 not.
730 2239 762 2272 1.

154 2301 194 2345 2ν)
222 2301 312 2334 Eius
338 2300 375 2333 in
405 2305 548 2344 partem
578 2298 814 2343 negotiorum
849 2299 1086 2342 publicorum
1112 2297 1285 2332 veniendi
1310 2299 1478 2341 rationis,
1505 2312 1583 2345 qum

225 2364 370 2395 constat
407 2360 502 2393 alios
530 2371 597 2393 suo
623 2358 805 2403 suffragio
835 2360 881 2392 ad
919 2371 963 2393 ea
989 2360 1184 2393 tractanda
1217 2359 1397 2393 mittendo
1427 2361 1582 2405 (reprae-

219 2421 466 2456 sentntionem
493 2419 719 2464 appellant),
747 2418 783 2451 in
810 2419 968 2464 singulis
993 2420 1181 2453 veteribus
1208 2421 1318 2453 rebus
1346 2420 1448 2464 publ.
1470 2422 1581 2464 plane

221 2481 429 2521 inusitatae,
457 2479 618 2524 vestigia
643 2479 769 2523 aliqua
796 2484 832 2513 et
860 2479 968 2513 initia
996 2485 1101 2513 erant
1129 2480 1166 2513 in
1196 2480 1272 2514 illis
1300 2480 1464 2524 plurium
1491 2482 1582 2514 civi-

223 2546 344 2576 tatum
380 2540 594 2574 foederibus
629 2540 892 2584 conciliisque;
927 2540 1150 2585 videturque
1186 2541 1401 2574 huiusmodi
1439 2541 1579 2584 aliquid

221 2601 328 2636 Italis
354 2600 502 2645 populis
542 2601 782 2634 obversatum
819 2611 896 2633 esse
931 2600 968 2634 in
1004 2610 1048 2634 ea
1080 2600 1135 2633 rei
1163 2601 1265 2644 publ.
1296 2601 1440 2641 forma,
1468 2612 1580 2644 quam

221 2662 325 2694 bello
361 2661 522 2694 Mun-sico
560 2660 716 2694 Corfinii
749 2661 1034 2695 constituebant.
1095 2662 1172 2695 Nee
1208 2672 1296 2695 sane
1320 2662 1391 2693 hoc
1418 2661 1579 2694 civitatis

223 2720 445 2765 accipiendae
472 2721 602 2762 modo,
632 2732 704 2765 quo
739 2721 827 2755 (lata
861 2725 916 2755 est
940 2721 1096 2762 Marsis,
1140 2722 1394 2761 Samnitibus,
1430 2721 1578 2762 ceteris,

220 2780 331 2824 ipsos,
357 2793 471 2826 quum
489 2782 605 2815 semel
621 2782 667 2816 ad
687 2781 908 2816 memoriam
924 2782 1058 2816 veteris
1075 2782 1260 2815 libertatis
1280 2780 1426 2813 excitati
1444 2784 1576 2819 essent,

225 2845 416 2877 contentos
440 2841 578 2884 fuisse,
613 2843 808 2879 ostendere
835 2842 983 2878 videtur
1012 2841 1104 2877 belli
1129 2841 1279 2878 socialis
1304 2840 1483 2881 historia,
1512 2842 1577 2875 etsi
