1981 3390
1470 220 1536 270 69

152 347 191 388 id
223 348 468 402 disputare,
500 345 612 400 quod
647 352 783 385 totum
814 352 964 384 contra
989 343 1106 396 ipsos
1137 342 1206 381 sit.
1271 342 1315 379 Si
1349 342 1462 380 enim
1490 342 1600 382 Mul-

149 425 295 482 tlu'uug
324 432 389 466 est
420 423 576 473 mame,
621 436 706 463 non
740 422 793 462 ad
823 420 1105 462 Maecenatem
1141 432 1262 461 mens
1292 418 1466 459 lectoris
1501 432 1600 457 con-

150 505 348 553 vertitur,
380 500 456 543 sed
486 515 662 556 prorsus
696 509 739 541 et
771 499 825 541 ab
859 514 911 541 eo
942 507 986 540 et
1015 497 1068 539 ab
1104 497 1204 539 aliis
1236 495 1436 539 omnibus
1471 497 1598 536 certis

149 573 395 622 hominibus
445 578 698 628 abducitur,
745 578 1091 634 relinquiturque
1137 575 1380 626 abstracta,
1433 582 1481 614 ut
1522 588 1597 613 vo-

149 667 271 708 cant,
305 659 448 701 7ῐιοίίο
502 659 547 698 in
598 671 829 712 personam
881 670 1117 704 conversa,
1179 656 1352 697 nomine
1396 652 1599 707 imposito

148 744 306 792 apertae
342 734 703 791 significationis,
734 749 819 791 quo
863 734 974 775 nihil
1015 745 1111 776 esse
1149 735 1339 789 ineptius
1373 740 1415 772 et
1450 746 1476 771 a
1503 729 1599 770 loco

151 822 288 868 pootae
321 815 682 870 antiquorumque
712 827 830 853 more
860 812 1046 853 alienius
1081 812 1148 852 illi
1184 813 1290 866 ipsi,
1337 811 1408 863 qui
1439 811 1601 862 impru-

149 893 300 933 dentes
326 891 583 946 disputando
610 904 661 930 eo
678 897 986 944 pervenerunt,
1017 887 1354 929 confitebuntur.
1416 884 1598 926 Nullum

149 978 213 1009 est
245 970 377 1024 igitur
411 969 586 1008 omnino
620 965 874 1007 Maecenatis
908 964 1142 1022 significati
1178 966 1401 1006 indicium.
1465 962 1600 1003 Estne

148 1048 304 1095 etiam,
332 1059 406 1086 cur
426 1043 698 1102 significatus
728 1045 904 1085 omnino
928 1046 1071 1100 putari
1101 1043 1317 1099 nequeat}
1369 1041 1447 1082 Est
1482 1055 1600 1081 vero.

145 1125 336 1165 Primum
356 1125 469 1164 enim
492 1136 668 1179 prorsus
687 1122 771 1164 loci
788 1124 1044 1178 compositio
1055 1121 1296 1163 Horatiana
1311 1118 1601 1177 perturbatur,

147 1202 200 1243 ad
235 1202 347 1243 hunc
380 1200 642 1257 pusillorum
682 1200 906 1242 hominum
942 1209 1112 1243 coetum
1155 1209 1198 1242 et
1237 1198 1542 1253 exemplorum
1577 1212 1600 1237 c

148 1279 274 1320 turba
320 1287 590 1336 arreptorum
632 1278 886 1320 'Maecenate
929 1287 1198 1335 aggregato,
1252 1277 1428 1319 homine
1473 1284 1602 1316 tanta:

146 1359 397 1414 dignitatis;
425 1372 551 1413 quem
569 1357 741 1414 quidem
757 1347 965 1400 Horatius
999 1358 1051 1408 si,
1085 1365 1132 1397 ut
1148 1355 1430 1399 Weiehertus
1467 1362 1602 1410 putat,

148 1436 336 1477 nondum
357 1437 537 1486 amiens,
572 1436 648 1476 sed
680 1450 738 1477 ex
767 1435 912 1477 civilis
944 1435 1053 1476 belli
1083 1443 1126 1476 et
1150 1435 1480 1490 proscriptionis
1515 1447 1603 1473 me-

149 1515 287 1555 moria
331 1513 545 1564 infestus,
598 1521 717 1554 tanto
763 1528 895 1568 opere
929 1514 1152 1570 gestiisset
1183 1521 1389 1569 tangere,
1435 1519 1482 1551 ut
1531 1510 1601 1551 vel

148 1600 327 1643 mutato,
355 1592 468 1648 quod
496 1606 705 1648 nusquam
730 1591 839 1634 alias
864 1591 1042 1643 faceret,
1072 1592 1247 1633 nomine
1275 1590 1604 1647 aggrederetur,

147 1669 274 1712 aliter
308 1678 351 1713 et
374 1671 553 1725 gravius
575 1684 809 1726 aggressus
832 1678 970 1718 esset;
1005 1671 1216 1711 demissas
1245 1670 1414 1710 tunicas
1444 1667 1604 1709 licebat

148 1750 323 1803 impune
344 1762 682 1789 commemorare
714 1756 876 1804 aperte.
939 1748 1108 1790 Verum
1130 1757 1196 1789 est
1226 1747 1344 1789 aliud
1375 1754 1602 1802 praetcrea,

147 1826 257 1881 qnod
273 1834 407 1866 totam
421 1841 512 1867 rem
525 1834 707 1868 evertat.
745 1826 890 1877 Quum
906 1828 1020 1868 enim
1036 1827 1161 1868 multi
1175 1828 1434 1876 sensissent,
1446 1826 1603 1867 scurri-

149 1903 235 1945 lem
265 1912 308 1945 et
330 1902 384 1947 ab
409 1903 583 1946 Horatii
600 1903 938 1961 Maecenatisque
956 1908 1260 1947 coniunctione
1288 1904 1599 1944 alienissimam

149 1994 245 2021 esse
278 1980 401 2025 illam
431 1981 519 2022 sub‘
543 1981 646 2025 ficto
678 1985 852 2022 nomine
885 1982 1140 2023 Maecenatis
1173 1983 1445 2029 irrisionem,
1477 1979 1602 2020 Wei-

151 2056 348 2107 chen-tus,
396 2066 443 2097 ut
471 2058 590 2108 dixi,
638 2057 748 2098 hanc
780 2060 957 2100 satiram
988 2068 1088 2099 ante
1128 2060 1332 2113 scriptam
1368 2071 1463 2098 esse
1498 2055 1604 2106 vult,

150 2149 277 2192 quam
323 2133 532 2176 Horatius
577 2134 807 2176 Maecenati
856 2137 1243 2179 commendaretur.
1324 2134 1373 2180 In
1411 2149 1494 2190 quo
1526 2136 1606 2174 mi·

148 2227 247 2261 ror,
303 2213 442 2253 virum
485 2212 657 2254 doctum
705 2227 790 2256 non
831 2216 1070 2270 cogitasse,
1122 2213 1429 2255 scurrilitatem
1474 2214 1600 2253 istam

149 2289 286 2331 nihilo
336 2290 478 2331 minus
528 2305 728 2340 manere,
783 2293 986 2349 quoniam
1039 2292 1211 2347 quidem
1267 2291 1476 2333 Horatius
1527 2306 1603 2346 po-

148 2377 241 2409 stea
289 2367 399 2411 hanc
437 2369 615 2409 satiram
652 2383 738 2410 non
783 2378 991 2411 mutatam
1040 2371 1091 2411 ad
1140 2372 1281 2426 ipsum
1318 2369 1601 2411 Maecenatem

239 2491 318 2522 tum
360 2492 437 2528 cst;
476 2489 596 2522 multo
631 2487 754 2523 minus
792 2488 996 2534 quidquam
1032 2501 1073 2523 cx
1109 2487 1278 2522 Petronii
1316 2487 1603 2524 Trimalchiom=

237 2547 414 2589 efficitur,
441 2549 538 2592 quod
563 2560 697 2584 nomen
727 2553 763 2584 et
787 2549 910 2594 ipsum
937 2550 1086 2584 inccrtae
1105 2548 1389 2594 significationis
1418 2553 1473 2582 est
1496 2552 1543 2589 ct,
1571 2549 1599 2581 si

238 2607 343 2642 illius
378 2612 453 2650 est,
494 2620 606 2654 quam
642 2610 794 2652 volunt,
828 2611 944 2645 aliam
985 2611 1106 2645 etiam‘
1123 2610 1308 2645 rationem
1334 2611 1474 2650 haben
1515 2621 1599 2642 nam

237 2669 350 2704 aliter
385 2669 546 2715 fingitur
573 2682 645 2705 non
673 2672 882 2706 abhorrens
907 2684 1043 2708 nomen
1072 2684 1260 2718 personae,
1298 2671 1336 2704 in
1367 2669 1470 2703 cuius
1496 2669 1599 2713 ingo-

239 2729 300 2764 nio
333 2730 579 2767 describendo
616 2736 694 2768 tota
728 2733 864 2768 fabula
888 2738 1080 2773 versatur,
1118 2733 1232 2767 aliter
1270 2732 1306 2766 id
1343 2735 1599 2775 comparatum

235 2801 314 2825 cese
338 2792 472 2833 debet,
509 2793 606 2838 quod
633 2795 748 2829 semel
776 2794 940 2844 positum
979 2799 1014 2830 et
1041 2795 1125 2831 aliis
1151 2793 1408 2830 intermixtum
1436 2789 1599 2834 intelligi

242 2850 322 2893 quin
348 2853 448 2888 velit.
