1981 3390
416 240 515 288 426

351 363 467 402 tione
490 360 647 401 codicis
668 360 935 401 parisiensis·
957 362 1068 412 dixi,
1103 363 1152 402 ad
1189 362 1316 403 huius
1345 370 1490 415 partes
1514 363 1658 404 nullas
1686 364 1795 406 alias

351 439 529 494 adiungi
567 439 846 478 auctoritates
878 447 1031 490 praeter
1063 438 1278 493 Hei-vagii
1318 449 1361 480 et
1394 439 1606 494 Naugerii
1643 441 1796 481 editio·

349 529 427 556 nes
464 515 587 570 (quas
618 515 810 568 sequitur
835 515 1048 561 interdurn
1083 515 1132 556 C.
1163 517 1372 572 Stephani
1402 515 1674 571 contextus),
1713 519 1798 558 nisi

348 594 392 633 in
426 593 574 647 paucis
605 589 816 629 eiusmodi
846 589 980 640 locis,
1013 591 1057 630 in
1097 591 1252 645 quibus
1286 609 1385 634 casu
1419 593 1516 644 fiat,
1549 603 1597 634 ut
1626 595 1796 635 codices

347 682 523 722 prorsus
546 667 726 707 diversae
758 667 939 719 originis
971 677 1240 719 concurrant,
1269 668 1389 710 velut
1413 671 1525 724 quod
1543 675 1565 721 ξ
1586 673 1640 711 14
1665 673 1797 712 etiam

350 745 491 786 codex
523 742 570 783 C.
606 742 814 795 Stephani
847 744 1007 783 omittit
1036 744 1219 798 quidem.
1275 744 1368 786 Nec
1397 746 1532 786 ullum
1565 756 1631 797 est
1664 749 1795 787 vesti-

348 823 467 878 gium
497 820 654 861 codicis
674 820 727 860 ad
759 834 854 860 eam
884 822 1062 875 stirpem
1093 823 1347 876 pertinentis
1371 824 1456 862 nisi
1477 825 1522 864 in
1550 822 1657 874 illis,
1690 837 1795 878 quas

348 899 468 949 dixi,-
502 896 786 945 editionibus;
826 897 877 936 de
908 896 1062 952 quibus
1097 898 1206 940 nihil
1238 914 1345 955 opus
1376 908 1441 940 est
1472 899 1608 940 multa
1635 900 1794 950 dicere,

348 977 460 1032 quod
493 989 636 1015 earum
671 988 774 1014 usus
809 988 945 1023 nunc,
990 977 1192 1029 quoniam
1235 976 1287 1016 ad
1328 977 1468 1030 ipsum
1503 977 1666 1017 fontem
1699 991 1796 1032 per-

349 1054 570 1101 venimus,
607 1051 731 1091 valde
763 1052 991 1101 minuitur,
1037 1051 1108 1091 vel
1148 1054 1292 1106 potius
1336 1052 1528 1104 tollitur,
1569 1055 1651 1094 nisi
1682 1054 1797 1108 quod

348 1144 434 1170 uno
474 1138 514 1169 et
545 1128 683 1169 altero
714 1127 835 1178 loco,
881 1127 956 1168 ubi
998 1127 1195 1169 dubitare
1237 1131 1450 1185 quispiam
1481 1139 1652 1185 posset,
1697 1144 1795 1170 con-

348 1206 546 1256 firmant,
588 1214 703 1245 recte
740 1214 909 1245 notatas
943 1219 1037 1245 esse
1068 1207 1301 1259 scripturas
1334 1207 1492 1246 codicis
1523 1207 1796 1247 parisiensis.

348 1283 537 1324 Tantum
569 1282 828 1321 monendum
867 1290 959 1332 est,
1003 1296 1076 1322 eas
1119 1283 1331 1322 editiones
1369 1284 1526 1338 partim
1559 1296 1619 1323 ex
1649 1282 1797 1322 huius·-

346 1360 463 1401 modi
506 1358 724 1400 codicibus
766 1372 861 1398 esse
901 1358 1151 1414 suppletas,
1185 1361 1340 1413 partim
1381 1361 1425 1400 in
1457 1361 1538 1410 iis,
1584 1372 1677 1414 quae
1709 1360 1797 1400 iam

348 1446 475 1478 antea
513 1437 625 1490 typis
667 1437 881 1488 descripta
921 1446 1066 1487 erant,
1111 1437 1383 1488 emendatas,
1427 1450 1578 1477 verum
1611 1435 1720 1486 hoc,
1749 1443 1797 1476 ut

344 1514 465 1555 illius
499 1515 637 1554 aetatis
668 1527 760 1553 mos
793 1512 975 1564 ferebat,
1007 1515 1183 1554 minime
1215 1521 1460 1553 constanter
1493 1527 1588 1553 esse
1619 1513 1795 1552 factum.

347 1590 439 1631 Nec
482 1604 587 1630 sane
632 1592 874 1643 exspectari
912 1590 1182 1645 postularive
1227 1589 1316 1630 ullo
1354 1590 1480 1630 modo
1518 1597 1717 1642 poterat,
1750 1597 1797 1628 ut

344 1667 411 1708 illi
454 1667 669 1716 editoreS,
711 1681 839 1721 quum
882 1668 1121 1721 praesertim
1171 1680 1305 1706 unum
1348 1666 1595 1707 huiusmodi
1636 1665 1795 1706 librum

346 1751 551 1792 nossent,
595 1751 835 1784 ceterorum
876 1752 1020 1783 autem
1057 1745 1267 1784 rationem
1300 1744 1545 1797 perspicere
1577 1750 1619 1782 et
1649 1741 1795 1797 expli-

347 1836 444 1862 care
475 1816 559 1860 non
594 1829 794 1874 possent,
826 1833 899 1859 eas
931 1833 1080 1859 omnes
1105 1819 1315 1860 lectiones
1340 1828 1480 1860 rectas
1511 1833 1606 1858 esse
1634 1817 1797 1859 intelli-

347 1905 499 1953 gerent
527 1905 569 1936 et
600 1897 866 1951 reciperent,
897 1910 1001 1950 quas
1034 1910 1146 1935 nunc
1176 1895 1424 1950 probamuS.
1495 1895 1646 1950 Itaque
1681 1897 1794 1951 quod

347 1974 484 2016 multa
519 1982 618 2015 sunt
655 1975 699 2013 in
738 1972 826 2013 illis
865 1972 1127 2014 editionibus
1162 1981 1402 2028 propagata
1439 1986 1496 2012 ex
1538 1971 1793 2026 vulgaribus

344 2051 589 2100 codicibus,
622 2053 694 2105 qui
725 2064 783 2091 ex
813 2050 911 2091 aliis
942 2049 1147 2103 stirpibus
1181 2051 1262 2090 orti
1295 2058 1410 2099 sunt,
1443 2063 1530 2089 non
1558 2050 1793 2103 putandum

348 2138 436 2178 est,
472 2128 548 2168 illa
578 2129 621 2167 in
659 2128 871 2169 Florentii
906 2142 1075 2182 quoque
1110 2126 1286 2168 Talenti
1319 2135 1360 2166 et
1395 2125 1606 2182 Naugerii
1641 2127 1795 2167 codici-

346 2206 424 2246 bus
455 2207 615 2255 fuisse,
648 2219 828 2260 quorum
855 2206 1095 2245 arctissima
1127 2219 1221 2246 cum
1252 2204 1489 2245 parisiensi
1521 2205 1720 2259 cognatio
1752 2213 1794 2244 et

345 2281 473 2322 simul
496 2281 704 2322 nonnulla
722 2282 866 2323 addita
883 2282 1052 2332 menda,
1069 2282 1360 2337 frequentiora
1379 2281 1491 2338 apud
1505 2281 1790 2334 Hervagium,

346 2373 405 2399 ex
447 2358 658 2412 suppletis
697 2358 785 2398 illis
828 2358 934 2398 locis
979 2366 1319 2412 cognoscuntur,
1377 2371 1635 2412 quamquam
1686 2371 1792 2397 nou-

346 2435 466 2476 nulla
500 2435 568 2475 hic
608 2448 776 2489 quoque
810 2435 891 2486 ipsi
922 2434 1109 2474 editores
1141 2435 1298 2487 partim
1334 2442 1449 2473 recte
1481 2435 1636 2487 partini
1666 2447 1790 2473 secus

347 2520 590 2561 mutarunt,
623 2510 749 2566 plura
778 2508 1025 2564 Naugerius
1046 2512 1098 2562 ¹).
1165 2509 1214 2552 In
1249 2509 1427 2565 reliquis
1461 2524 1629 2566 quoque
1661 2512 1791 2563 parti-

370 2654 406 2695 Ϊ)
433 2651 628 2696 Speciiuen
655 2663 697 2684 ex
723 2652 805 2684 loco
830 2650 1002 2693 suppleto
1039 2660 1060 2683 a
1089 2662 1118 2683 c.
1147 2650 1213 2689 63,
1250 2648 1318 2682 132
1342 2650 1386 2682 aul
1414 2649 1479 2687 61,
1515 2649 1584 2683 135
1609 2653 1790 2687 sumatur,

437 2712 471 2745 in
502 2724 572 2756 quo
598 2713 652 2745 liu:
679 2715 764 2745 sunt
791 2710 982 2753 utriusque
1009 2709 1180 2743 editionis
1204 2711 1251 2742 nb
1269 2710 1464 2743 Orellianu
1487 2709 1630 2742 maiore
1655 2708 1791 2741 diserc-

436 2771 588 2816 puntiae:
626 2771 693 2805 132
724 2771 879 2803 Vectium
906 2771 964 2809 ll,
996 2771 1025 2803 N
1054 2771 1202 2813 (l'ar.);
1237 2770 1306 2804 133
1342 2770 1618 2803 sceleratissime
1651 2780 1723 2802 om.
1755 2769 1788 2801 lt

437 2837 591 2871 (noxum
620 2832 812 2874 mendum)
840 2831 937 2865 illius
963 2843 1047 2865 mcoe
1074 2832 1108 2866 11
1137 2832 1238 2873 (cum
1269 2831 1354 2865 Pur.
1385 2835 1420 2865 ct
1449 2830 1622 2875 reliquis,
1657 2833 1789 2874 praeter
