1981 3390
391 243 489 292 398

324 361 479 418 dieque
508 361 685 403 da'cendi
720 362 929 413 deterret,
971 374 1055 404 non
1095 377 1176 419 qno
1219 369 1296 405 aut
1338 366 1516 419 ingenia
1549 363 1766 411 deliciunt

324 445 401 480 ant
428 440 627 480 doctrina
653 440 862 494 puerilis,
901 447 944 479 et
974 439 1229 494 longissime
1272 456 1297 482 a
1337 442 1531 482 codicum
1567 444 1767 497 vestigiis

324 525 367 556 et
399 517 507 557 adeo
547 529 754 569 perversa
793 514 1031 565 sententia,
1071 525 1119 556 ut
1157 516 1280 558 labor
1317 518 1602 573 molestiaque
1637 517 1770 569 (Quoe

324 598 411 646 res)
442 608 464 633 a
495 591 643 632 labore
676 592 892 632 deterrere
923 591 1089 632 dicatur
1121 595 1224 642 (etsi
1254 595 1393 648 ipsum
1427 594 1533 635 illud
1569 607 1663 649 quae
1699 607 1768 635 res

325 668 537 724 singulari
568 681 746 707 numero
781 669 1004 722 superiora
1033 667 1112 709 illa
1141 671 1285 710 omnia
1315 669 1542 725 complecti
1566 686 1650 712 non
1677 681 1770 727 pot·

326 746 408 797 est)
429 743 468 798 ¹)
514 753 557 785 et
596 748 642 784 in
675 744 858 784 diceudo
899 745 967 794 (in
1005 743 1085 785 hoc
1118 749 1299 799 genere)
1340 760 1366 786 a
1410 748 1552 788 studio
1594 748 1772 789 dicende·

324 822 556 862 deterrere.
620 820 736 869 Quid
769 821 932 861 dixerit
962 820 1129 872 Cicero,
1159 823 1264 862 satis
1295 830 1361 862 est
1391 832 1601 877 apertum.
1655 822 1769 864 Nam

325 906 658 939 commemorato
692 899 893 952 proxime
924 906 1142 939 oratorum
1173 897 1515 940 laboriosissimo
1551 901 1652 940 vitae
1693 914 1768 954 ge-

324 988 449 1024 nere,
491 974 732 1023 concludit,
774 983 951 1029 propter
987 974 1115 1015 huius
1146 973 1309 1015 laboris
1340 976 1514 1031 fugam,
1555 990 1641 1016 non
1669 990 1770 1029 pro-

322 1059 418 1106 pter
459 1052 626 1104 ingenii
662 1053 867 1105 inopiam,
900 1060 985 1092 tam
1024 1066 1184 1107 paucos
1225 1054 1424 1093 oratoriae
1467 1054 1550 1094 arti
1594 1066 1769 1106 operam

325 1127 449 1175 dare3
511 1129 698 1182 (itaque,
751 1128 794 1168 id
826 1130 896 1182 qui
942 1129 1095 1177 faciat,
1145 1137 1192 1169 ut
1236 1128 1412 1168 Caelius
1463 1130 1620 1180 faeiat,
1684 1143 1769 1169 non

323 1218 450 1260 posse
477 1203 747 1245 luxuriosum
784 1208 912 1253 esse).
976 1205 1059 1246 Sed
1101 1206 1294 1246 codicum
1327 1207 1644 1246 vetustissimus
1674 1220 1770 1246 cum

322 1279 616 1333 Ber-nensibus
659 1280 811 1322 habet:
868 1279 1014 1328 Quare
1062 1285 1110 1322 in
1152 1280 1232 1321 Ιιοο
1277 1295 1439 1335 genere
1486 1281 1772 1331 laborefiendi

323 1356 512 1398 homines
559 1371 587 1397 a
630 1358 856 1412 studioque
902 1358 1114 1408 deterret3
1164 1358 1265 1399 hinc
1317 1366 1557 1398 ceterorum
1607 1357 1768 1413 proflu-

325 1448 433 1474 xere
474 1432 710 1484 lectiones,
753 1447 811 1474 ex
850 1434 1004 1489 quibus
1046 1435 1091 1475 in
1131 1435 1222 1475 Erf.
1259 1444 1324 1475 est
1353 1434 1476 1475 labor
1520 1434 1769 1485 confitendi,

323 1525 400 1565 pro
449 1519 641 1551 monstro
685 1510 764 1550 illo
805 1511 968 1559 efiendc‘
1012 1511 1144 1552 verbo
1188 1512 1276 1552 alio
1310 1511 1490 1552 licenter
1524 1511 1770 1552 substituto.

325 1586 433 1635 Quae
466 1601 525 1627 ex
563 1587 630 1627 his
669 1587 858 1627 Orellius
900 1589 1070 1637 effecit,
1112 1587 1355 1628 admonitus
1389 1589 1481 1642 ipse
1523 1587 1652 1629 facile
1688 1590 1768 1628 im-

323 1662 550 1718 probabit3
593 1677 690 1703 nam
720 1672 762 1703 et
794 1663 1101 1713 alienissimam
1134 1666 1519 1720 interrogationem
1550 1665 1602 1705 de
1634 1678 1765 1705 causa

322 1739 508 1789 laboris,
551 1740 603 1780 ad
634 1754 760 1795 quam
788 1740 896 1780 nihil
925 1741 1262 1795 respondeatur,
1300 1741 1471 1791 intulit,
1513 1750 1581 1791 et,
1613 1755 1640 1782 a
1668 1754 1766 1782 sen-

323 1817 554 1856 tentiarum
599 1831 834 1871 progressu
883 1816 1121 1867 aberrans,
1161 1831 1238 1870 pro
1283 1818 1562 1859 conclusione
1611 1819 1770 1872 repeti-

323 1893 484 1933 tionem
531 1895 801 1947 superiorum
841 1893 984 1934 verbis
1028 1896 1238 1936 variatam
1283 1896 1428 1936 eflecit
1471 1895 1538 1944 (in
1578 1893 1657 1935 hoc
1690 1908 1768 1948 ge·

323 1982 427 2010 nere
461 1969 629 2010 labores
658 1971 937 2011 consumendi
963 1985 1131 2019 omnes,-
1172 1971 1273 2026 quid
1305 1980 1370 2011 est
1398 1980 1568 2021 autem,
1598 1970 1768 2011 labores

325 2061 570 2088 consumere
603 2049 794 2100 omnes-‚O
837 2056 879 2088 et
918 2049 1103 2103 vestigia
1147 2049 1339 2090 codicum
1378 2049 1485 2089 adeo
1524 2062 1611 2088 non
1649 2061 1769 2103 pres—

323 2126 405 2175 sit,
459 2132 531 2175 ut,
588 2125 702 2179 quod
750 2126 1036 2166 certissimum
1088 2134 1153 2165 est
1197 2126 1404 2166 indicium
1455 2126 1769 2166 emendationis

322 2201 554 2242 infeliciter
587 2210 630 2241 et
661 2203 826 2242 incerta
855 2201 1163 2257 fluctuantique
1192 2205 1360 2244 ratione
1387 2211 1588 2252 tentatae,
1631 2203 1769 2255 optio-

324 2291 420 2317 nem
464 2278 535 2317 det
576 2280 688 2318 inter
732 2279 838 2318 duas
875 2280 1193 2320 diversissimas
1233 2281 1524 2330 coniecturas,
1565 2279 1768 2319 alteram:

324 2357 371 2393 in
420 2352 500 2393 hoc
539 2367 701 2407 genere
740 2354 908 2394 labores
951 2356 1229 2396 consumendi
1265 2355 1569 2408 (conficienda)
1613 2366 1768 2402 omnes‘,

327 2429 529 2471 alteram:
562 2443 644 2470 nno
678 2434 725 2469 in
754 2429 833 2470 hoc
872 2444 1034 2483 genere
1068 2431 1372 2471 elaborandum
1411 2437 1496 2478 θεῖς
1538 2431 1668 2486 (quod
1696 2432 1768 2485 qui

323 2515 492 2562 poterat
535 2504 687 2547 Cicero
721 2515 794 2546 aut
827 2509 1050 2561 quisquam
1100 2506 1210 2548 alius
1254 2508 1421 2558 dicere,
1465 2510 1508 2548 in
1549 2507 1644 2548 sola
1676 2506 1766 2548 elo-

325 2586 500 2639 quentia
552 2597 647 2624 esse
693 2582 999 2624 elaborandum
1017 2583 1051 2632 ἒ)
1113 2584 1167 2623 Et
1219 2593 1361 2625 tamen
1415 2585 1583 2625 codices
1630 2586 1767 2639 ipsam

325 2662 506 2702 formam
549 2662 771 2701 sententiae
822 2675 943 2716 paene
986 2662 1196 2716 integram
1241 2670 1436 2712 servant,
1490 2663 1532 2702 in
1574 2660 1767 2716 partibus

357 2827 393 2868 ¹)
420 2825 557 2860 Melius
582 2825 696 2872 igitur
721 2825 900 2877 hacteuus
927 2826 982 2860 cd.
1010 2824 1101 2860 1472
1126 2826 1314 2862 deterrent.
