1981 3390
1455 233 1517 282 91

133 355 440 398 casaubonum
491 354 565 407 (ad
619 353 782 395 Athen.
820 352 899 395 vl.
944 366 984 408 p.
1030 351 1114 393 2:35
1160 354 1216 401 e.)
1274 354 1483 408 exposuit
1534 355 1587 395 Α.

135 434 382 476 Roeckhius
439 435 502 485 (in
543 432 672 489 Coi-p.
712 431 929 488 Inscriptt.
975 430 1113 472 Graec.
1163 430 1198 472 Ι.
1249 446 1291 488 p.
1329 432 1413 472 350
1463 436 1590 487 sqq.)‚

135 522 334 555 auctores
372 521 516 554 autem
562 512 835 553 enumeravit
868 510 922 552 A.
954 510 1160 552 Meineke
1193 509 1379 563 (Quoest.
1422 511 1589 553 Scenic.

135 577 252 648 speci
279 591 342 632 111
364 607 404 647 p.
437 593 545 640 1-7).
603 590 674 631 Ex
706 589 927 631 veteribus
957 591 1073 631 enim
1103 591 1408 641 monumentis,
1439 589 1594 645 quibus

134 679 284 711 notata
313 679 434 711 erant
466 671 637 711 scenica
669 670 905 710 certamina
938 677 980 709 et
1008 682 1101 724 quae
1129 668 1183 710 ad
1220 683 1272 710 ea
1304 667 1594 724 pertinebant,

136 763 230 804 quae
263 751 358 805 ipsa
390 748 670 791 διδασκαλίαι
712 746 931 803 appellata
966 747 1190 798 videntur,
1247 747 1510 790 Aristoteles
1541 748 1595 790 li-

138 826 262 868 brum
293 828 499 868 effecerat
530 828 891 881 inscripseratque
921 824 1234 875 διδασκαλίας,
1292 827 1336 867 in
1368 841 1452 881 quo
1484 827 1594 868 nihil

139 904 258 946 aliud
290 920 416 961 quam
448 905 523 945 illa
554 911 832 945 monumenta
873 901 1106 956 collegisse
1140 903 1494 959 disposuisseque
1531 907 1593 945 vi—

138 983 288 1032 detur,
323 991 368 1022 ut
401 981 644 1023 efficeretur
674 980 836 1031 index,
878 993 933 1020 ex
962 993 1046 1035 quo
1077 981 1266 1036 perspici
1294 992 1464 1037 posset,
1499 996 1592 1038 quat

138 1058 298 1102 fabulae
340 1074 521 1116 quorum
558 1068 786 1115 poetarum
839 1057 996 1114 quibus
1037 1059 1306 1114 temporibus
1358 1075 1436 1115 per
1486 1075 1594 1116 quos

138 1152 223 1194 quo
257 1147 418 1180 eventu
449 1146 555 1179 actae
590 1146 762 1189 essent,
824 1150 1004 1192 quaeque
1046 1146 1193 1178 essent
1225 1137 1377 1180 horum
1419 1139 1596 1190 similia,

140 1217 379 1273 eodemque
414 1217 541 1258 modo
571 1216 660 1258 alia
703 1215 998 1260 διδασκαλιῶν
1038 1229 1220 1271 corpora
1261 1216 1315 1258 ab
1356 1217 1455 1258 aliis
1495 1210 1594 1260 con-

140 1295 254 1337 fecta
293 1296 429 1336 fuisse
465 1296 682 1336 videntur.
768 1294 851 1335 His
894 1294 1414 1337 fontibus'Alexandrini
1454 1312 1596 1352 gram-

143 1375 289 1414 matici
310 1373 471 1429 aliique
494 1372 728 1414 utebantur
748 1387 974 1428 scenaeque
1014 1372 1240 1414 historiam
1272 1376 1444 1430 scriptis
1481 1390 1596 1416 com-

142 1450 468 1507 plectebantur,
530 1453 602 1506 qui
647 1459 792 1492 tamen
833 1466 918 1492 non
954 1450 1242 1499 διδασκαλίας
1272 1451 1408 1493 libros
1449 1455 1599 1494 inscri-

140 1537 342 1585 pserunt3
403 1528 478 1570 sed
523 1526 782 1570 Callimachi
826 1538 919 1571 erat
948 1529 1084 1579 πίναξ
1122 1529 1214 1573 τῶν
1249 1527 1362 1572 κατα
1414 1526 1601 1587 χρόνους

141 1607 216 1650 καὶ
257 1601 337 1650 ἐπ’
389 1602 530 1663 ἀρχῆς
574 1608 834 1665 γενομένων
886 1606 1205 1660 διδασκαλιῶν,
1266 1607 1455 1665 Carystii
1496 1610 1600 1652 Per-

144 1687 320 1742 gameni
356 1685 468 1727 liber
495 1687 600 1742 περὶ
630 1686 942 1730 διδασκαλιῶν.

263 1765 432 1806 Horum
477 1767 613 1821 igitur
656 1764 910 1822 exemplum
951 1774 1125 1807 secutus
1171 1765 1320 1808 Attius
1368 1765 1597 1808 didascali-

145 1857 223 1885 con
245 1845 286 1895 ι)
345 1843 483 1885 libros
528 1845 831 1900 inscripserat,
897 1844 1054 1900 quibus
1103 1844 1267 1886 simile·
1295 1855 1598 1901 argumentum

145 1920 278 1977 paulo
308 1922 594 1978 amplioribus
624 1921 786 1964 finibus
816 1922 1216 1979 comprehenderat.
1270 1921 1381 1964 Nam
1415 1924 1601 1978 primum

146 1996 321 2040 Graecos
367 2008 410 2040 et
449 2000 632 2041 Latinos
673 2009 825 2055 poetas
863 1993 1118 2055 persecutus
1162 2008 1279 2051 erat,
1342 2014 1599 2056 quamquain

147 2076 310 2116 diutius
341 2077 385 2117 in
418 2076 571 2119 horum
602 2077 806 2133 operibus
837 2086 1051 2118 moratum
1080 2084 1209 2133 puto,
1263 2077 1418 2119 deinde
1447 2088 1601 2135 praeter

147 2155 365 2196 scenicum
405 2170 544 2212 genus
578 2155 789 2197 nonnulla
821 2155 875 2197 ad
914 2155 1024 2196 alias
1055 2155 1247 2197 historiae
1282 2158 1428 2211 poesis
1456 2167 1601 2213 partes

148 2234 410 2288 pertinentia
461 2234 632 2276 videtur
673 2233 910 2285 adiecisse,
973 2248 1231 2290 quamquam
1275 2234 1389 2276 falso
1430 2250 1488 2277 ex
1534 2251 1601 2288 eo,

151 2311 265 2365 quod
291 2311 344 2352 de
371 2310 564 2353 Homero
590 2320 632 2354 et
660 2311 854 2354 Hesiodo
884 2311 1046 2369 aliquid
1076 2313 1200 2354 initio
1226 2315 1371 2369 operis
1400 2314 1604 2357 disseruit

174 2498 209 2539 ¹)
238 2496 348 2531 Hanc
374 2506 452 2530 esse
479 2506 607 2530 veram
630 2495 791 2531 formam
808 2522 818 2539 ‚
862 2508 940 2542 quae
967 2500 1021 2532 est
1044 2497 1082 2532 in
1109 2498 1255 2533 duobus
1279 2498 1485 2543 Prisciani,
1535 2513 1606 2536 uno

242 2556 425 2599 Charisii,
473 2568 548 2592 uno
573 2557 664 2592 item
688 2557 799 2593 Nonii
824 2558 926 2600 loco,
971 2570 1044 2594 non
1071 2560 1315 2595 didascalicos
1342 2561 1459 2595 libros
1489 2563 1602 2606 (quod

237 2619 334 2653 ‘item
353 2617 426 2652 dici
450 2630 558 2664 posse
581 2620 774 2654 Met-cerus
800 2621 958 2665 putabat
982 2622 1029 2655 ad
1053 2622 1147 2657 Non.
1179 2635 1215 2668 p.
1242 2622 1322 2665 131,
1345 2624 1440 2667 quod
1469 2623 1602 2657 extrita

244 2683 410 2715 extrema
434 2680 546 2715 litera
570 2680 608 2714 in
635 2680 861 2716 didascalico
886 2683 977 2717 libro
994 2683 1013 2716 l
1039 2687 1076 2718 et
1099 2683 1242 2718 similia
1264 2685 1521 2731 legebantur)
1552 2685 1604 2718 vi-

247 2741 302 2776 dit
328 2742 466 2777 Oflann.
491 2742 599 2777 Anat.
618 2741 699 2778 crit.
729 2756 764 2788 p.
783 2743 841 2778 62.
891 2743 964 2778 Sed
990 2744 1296 2780 didascalicorum
1322 2745 1454 2779 Latina
1483 2745 1602 2779 fornia

246 2812 269 2836 a
292 2802 548 2847 grammaticis
574 2804 762 2849 appellari
788 2816 859 2839 non
888 2805 1073 2850 potuisse,
1105 2806 1200 2842 nihil
1227 2812 1302 2848 est,
1330 2807 1426 2851 quod
1453 2806 1603 2840 credere

250 2867 369 2906 cogat.
421 2866 497 2899 Csr.
523 2865 760 2900 weit-hortus
787 2867 869 2900 loco
895 2867 995 2903 infra
1021 2867 1181 2903 citando.
