1981 3390
1453 264 1551 314 ,Μ

170 389 396 432 videbatur
417 392 478 441 ¹);
509 391 552 430 in
576 387 732 443 quibus
756 399 886 427 unum
917 393 998 434 est,
1026 384 1139 439 quod
1161 385 1346 426 mireris.
1409 384 1521 427 Nam
1551 385 1620 428 his

168 468 352 518 civibus,
378 469 490 508 iuter
513 479 619 520 quos
644 465 811 520 equites
835 477 920 504 non
945 471 1352 512 commemorantur,
1387 463 1483 503 sive
1507 464 1620 517 quod

164 547 398 600 scriptores
423 543 659 584 omiserunt
681 543 776 582 sive
800 541 854 581 ob
879 542 1184 596 proprietatem
1213 539 1620 595 aliquaminstituti,

165 623 302 664 multo
332 623 474 662 minus
508 621 627 674 agri,
673 634 800 674 quam
832 619 1001 660 Latinis
1030 618 1145 668 illis,
1189 619 1459 673 assignatum
1489 618 1620 657 tradi-

165 709 258 749 tur,
287 713 410 753 paene
441 698 494 739 ad
526 699 747 752 antiquam
781 698 1116 752 parsimoniam,
1146 710 1276 750 quum
1307 694 1408 736 bina
1439 703 1619 735 ternave

163 779 316 832 iugera
334 775 562 825 dabantur,
595 774 864 815 l'otentianis
887 784 928 815 et
955 773 1287 815 Pisaurensibus
1321 786 1427 813 sena
1453 774 1620 826 iugera,

166 852 492 895 Mutinensibus
514 854 660 908 quina,
688 852 995 894 parmensibus
1020 860 1188 892 octona.
1244 850 1339 891 Vix
1374 850 1468 904 agri
1498 847 1620 889 boni-

164 941 252 972 tate
287 940 407 972 tanto
438 931 576 971 maior
598 929 948 984 Aquileiensium
981 938 1023 968 et
1041 927 1382 968 Bononiensium
1418 939 1622 966 mensura

167 1009 437 1063 compensari
468 1015 658 1061 poterat,
699 1014 746 1046 ut
776 1005 863 1046 alia
897 1004 1082 1059 quadam
1112 1006 1280 1044 ratione
1311 1001 1438 1043 nobis
1468 1002 1620 1057 ignota

165 1085 255 1127 haec
284 1092 511 1139 exaequata
543 1091 714 1138 putem3
762 1097 861 1124 nam
901 1094 954 1122 ne
995 1083 1037 1122 id
1076 1082 1248 1137 quidem
1283 1078 1467 1129 sufficit,
1506 1079 1622 1134 quod

162 1163 316 1216 gravia
347 1176 481 1202 onera
504 1160 674 1202 Latinis
701 1159 884 1201 coloniis
914 1159 1264 1215 imponebantur.
1319 1156 1458 1198 Paulo
1482 1157 1621 1198 maior

164 1253 367 1281 mensura
387 1241 481 1293 agri
500 1247 876 1287 commemoratur,
894 1238 1006 1278 dena
1028 1238 1196 1292 iugera,
1214 1238 1257 1276 in
1279 1236 1498 1284 Saturnia,
1526 1248 1620 1289 quae

166 1318 318 1358 eodem
345 1331 458 1357 anno
475 1316 605 1369 (183)
630 1317 673 1356 in
700 1315 917 1355 Etruriam
939 1315 1122 1355 deducta
1151 1322 1217 1354 est
1249 1313 1366 1366 (Liv.
1382 1311 1619 1361 XXXIX,

164 1396 252 1445 55),
281 1395 422 1435 minor
452 1395 496 1434 in
527 1392 765 1442 Graviscis,
798 1393 930 1446 quina
960 1392 1113 1446 iugera
1143 1391 1219 1442 (id.
1238 1390 1341 1439 XL,
1369 1391 1469 1440 29);
1505 1402 1622 1429 eam-

168 1485 250 1526 que
283 1479 326 1512 et
354 1480 584 1526 propterea
623 1477 666 1510 et
709 1469 821 1523 quod
862 1470 906 1508 in
943 1469 1119 1509 Etruria
1151 1476 1268 1518 erat,
1314 1468 1475 1508 civium
1505 1464 1624 1507 colo-

167 1549 284 1588 niam
316 1548 452 1588 fuisse
485 1556 604 1603 puto.
663 1546 748 1588 Sed
783 1545 951 1586 duobus
985 1545 1180 1586 millibus
1214 1546 1375 1586 civium
1405 1543 1623 1585 Romano-

165 1639 287 1676 rum,
333 1626 407 1680 qui
445 1639 485 1666 a.
527 1626 608 1665 177
641 1623 811 1664 Lunam
851 1623 1024 1663 deducti
1061 1631 1187 1672 sunt,
1236 1623 1544 1677 quinquagena
1580 1627 1623 1661 et

166 1702 341 1757 singula
372 1704 525 1757 iugera
558 1709 600 1742 et
629 1703 833 1742 semisses
863 1701 958 1755 agri
991 1700 1080 1740 dati
1113 1707 1236 1751 sunt,
1271 1699 1441 1753 ingenti
1473 1697 1624 1738 discri-

166 1782 281 1821 mine
327 1780 445 1830 (Liv.
483 1779 618 1830 XLI,
654 1781 734 1829 13,
778 1777 835 1819 al.
865 1780 939 1827 17)
956 1779 1014 1829 2).
1084 1777 1150 1818 Ea
1183 1776 1354 1818 colonia
1382 1774 1623 1831 Liguribus

165 1859 365 1914 opposita
393 1865 459 1898 est
490 1856 587 1898 loco
623 1856 1004 1912 opportunissimo.

194 2034 231 2076 ¹)
258 2033 426 2066 Velleius
452 2033 642 2073 Parmam,
668 2032 877 2074 Mutinam,
908 2029 1123 2065 Saturniam
1149 2040 1307 2074 quoque,
1334 2029 1446 2073 plane
1473 2027 1624 2062 omittit.

192 2094 229 2135 ²)
257 2093 324 2126 Est
349 2092 477 2136 aliqua
512 2093 547 2125 in
585 2093 657 2126 hac
691 2092 841 2126 colonia
877 2092 1094 2124 difficultas.
1151 2091 1247 2124 Nam
1278 2089 1377 2134 apud
1411 2088 1560 2122 Livium
1586 2088 1624 2122 in

262 2153 425 2187 editione
451 2152 571 2197 prima
598 2157 652 2187 est
677 2153 839 2193 Lunam3
866 2152 963 2196 quod
988 2150 1239 2196 Kreyssigius,
1268 2149 1331 2194 qui
1357 2149 1535 2190 codicem,
1563 2149 1626 2193 qui

260 2225 356 2248 unus
381 2225 574 2258 superesse
601 2213 771 2255 videtur,
810 2212 1004 2253 adhibuit,
1042 2212 1098 2255 (in
1128 2211 1214 2245 edit.
1242 2210 1433 2252 Tnuchn.)
1490 2209 1626 2242 Lucam

263 2274 400 2315 edidit,
436 2273 736 2308 Drakenborchii
770 2274 808 2308 id
837 2272 1131 2307 commendantis
1165 2271 1328 2305 rationes
1364 2273 1513 2303 secutus
1547 2279 1626 2302 esse

264 2338 398 2378 potest.
454 2334 563 2378 Apud
600 2334 784 2367 vem-ium
811 2338 937 2367 autem
965 2344 997 2367 a.
1025 2331 1093 2366 178
1117 2330 1317 2374 (189—11)
1344 2330 1444 2363 Luca
1469 2329 1630 2363 deducta

212 2419 215 2423 ,
263 2393 422 2436 dicitur,
462 2404 572 2437 quam
607 2394 707 2438 apud
731 2393 880 2427 Livium
917 2393 1161 2426 substituunt.
1212 2390 1286 2424 Sed
1321 2402 1394 2435 quo
1428 2389 1552 2424 minus
1585 2401 1630 2424 ea

256 2453 393 2487 civium
420 2465 498 2487 esse
523 2454 700 2499 potuerit,
727 2455 865 2495 obstat,
891 2454 988 2498 quod
1011 2453 1141 2487 Cicero
1167 2452 1231 2495 (nd
1259 2450 1396 2485 Fannii.
1420 2451 1535 2492 XIII,
1563 2451 1628 2494 13)

260 2515 509 2559 municipium
534 2515 701 2548 Lucense
729 2515 898 2549 nominat
932 2519 970 2548 et
993 2515 1124 2548 Festus
1149 2514 1195 2555 (s.
1226 2523 1261 2546 v.
1289 2511 1547 2555 Municipium)
1573 2511 1630 2544 in-

260 2580 318 2608 ter
343 2576 513 2620 exempla
544 2586 695 2616 eorum,
729 2576 792 2620 qui
830 2576 876 2609 ml
905 2575 1097 2609 civitatem
1130 2585 1173 2608 ex
1202 2572 1473 2618 peregrinitate
1495 2583 1629 2615 perve-

264 2635 411 2676 nerint,
447 2635 632 2671 Lucenses
658 2636 773 2681 ponit.
833 2636 966 2681 Itaque
996 2636 1109 2670 Lunae
1137 2646 1272 2669 nomen
1301 2645 1343 2667 eo
1372 2632 1491 2676 magis
1520 2631 1628 2664 resti-

264 2696 444 2730 tuendum
472 2701 562 2740 puto
590 2698 802 2742 Velteiique
837 2701 982 2732 textum
1019 2696 1142 2741 potius
1179 2706 1223 2729 ex
1246 2693 1402 2728 Liviano
1427 2692 1628 2725 emendan-

262 2757 373 2799 dum,
415 2756 511 2800 quod
552 2759 650 2802 apud
685 2758 764 2793 Liv.
802 2758 919 2799 XLV,
953 2746 1218 2792 13⁵Lunenscs
1253 2752 1375 2788 coloni
1401 2751 1563 2785 Romani
1592 2761 1625 2784 a.

258 2817 330 2852 168
365 2829 449 2852 cum
482 2817 627 2852 Pisanis
662 2819 957 2854 controversiam
994 2819 1040 2852 de
1075 2829 1167 2864 agro
1202 2813 1377 2850 habuisse
1411 2814 1626 2851 narrantur,

261 2878 323 2922 ‘1¹¹1
349 2879 447 2925 quod
473 2878 693 2915 remotiores
725 2891 747 2916 a
772 2879 919 2916 Pisanis
942 2877 1254 2915 Drakenborchio
1278 2874 1474 2913 videntur,
1507 2870 1625 2905 nesci-
