1981 3390
395 237 493 288 382

328 371 445 400 inum
487 356 593 398 Otto
635 358 700 409 (in
741 356 845 400 edit.
891 355 1069 400 Catonis
1110 355 1220 412 Maj.
1252 356 1364 401 Add.
1406 373 1448 414 p.
1478 356 1608 412 246),
1641 371 1771 414 quum

326 435 496 491 reliqua
526 433 731 490 exempla
761 433 1046 477 Ciceroniana
1077 438 1181 487 (non
1214 437 1258 477 in
1282 436 1604 491 praepositione,
1631 449 1772 490 neque

284 545 299 549 -
327 514 441 553 enim
470 512 561 553 haec
591 512 810 562 discrevit,
843 511 918 551 sed
949 514 1123 553 omnino
1154 512 1391 554 accusativi
1423 513 1670 553 accusativo
1700 526 1775 568 ge-

328 589 470 629 rundii
497 585 700 636 subiecti)
720 589 883 627 incerta
901 587 1078 637 diceret,
1105 597 1266 628 certum
1293 597 1434 629 tamen
1454 591 1638 642 putavit,
1660 586 1774 643 quod

328 665 439 705 solet
481 663 590 716 apud
631 662 861 718 plerosque
899 677 1055 718 agmen
1097 664 1277 716 ducere,
1321 665 1495 706 ductum
1539 679 1597 706 ex
1629 665 1694 706 ΙΙΙ
1727 667 1772 705 ἱη

330 740 459 780 Catil.
488 741 541 790 8,
581 741 659 780 20:
698 739 758 780 ad
790 739 1056 793 placandum
1098 738 1212 779 deos.
1283 739 1450 782 Verum
1493 755 1579 782 non
1631 741 1773 783 solum

329 817 424 857 edd.
463 817 771 871 antiquissimae
813 816 962 873 (etiam
1004 830 1042 856 a.
1085 817 1193 857 1472
1239 823 1281 856 et
1313 817 1440 868 1480)
1484 817 1558 858 sed
1590 818 1774 868 codices,

328 894 380 934 de
423 892 577 948 quibus
620 893 792 947 quidem
835 900 1028 943 constat,
1068 906 1218 933 omnes
1257 893 1579 944 (Lambiniani,
1619 892 1774 934 Grute-

327 971 462 1021 riani,
511 978 712 1024 quattuor
751 968 997 1020 Graeviani,
1035 967 1322 1021 Barberinus,
1367 971 1452 1011 duo
1487 970 1652 1021 Oxou.)
1676 971 1776 1024 pla-

329 1047 488 1087 candos
520 1045 696 1096 habent,
726 1053 773 1086 ut
800 1045 1061 1099 placandum
1092 1044 1201 1086 nihil
1228 1048 1284 1087 sit
1315 1048 1398 1087 nisi
1428 1062 1547 1088 error
1573 1048 1774 1088 editionis

329 1123 512 1163 alicuius
544 1119 598 1163 ob
628 1123 893 1163 reconditam
934 1121 1100 1162 scilicet
1141 1121 1404 1179 elegantiam
1440 1120 1647 1179 religiose
1678 1138 1776 1177 pro-

326 1208 526 1255 pagatus.
595 1199 812 1250 (Orellius
846 1199 975 1239 etiam
1018 1199 1130 1239 male
1172 1197 1355 1240 alterum
1395 1199 1526 1240 scribi
1566 1200 1775 1253 adnotat.)

327 1276 383 1316 Et
415 1276 533 1316 addit
575 1274 763 1316 Beckius
798 1275 928 1316 etiam
968 1275 1296 1326 defensionem,
1339 1277 1428 1317 vim
1468 1289 1639 1317 omnem
1679 1291 1775 1318 esse

328 1356 372 1393 in
400 1352 689 1406 placandum,
723 1352 835 1407 quod
875 1352 1067 1392 studiose
1101 1361 1301 1405 repetunt
1334 1361 1377 1393 et
1406 1350 1483 1393 alii
1530 1361 1573 1393 et
1604 1354 1675 1408 qui
1713 1353 1778 1394 di-

327 1428 654 1480 stinctionibus,
688 1442 780 1484 quae
810 1441 864 1469 ne
897 1429 951 1469 ad
981 1443 1114 1470 unum
1149 1430 1320 1484 quidem
1354 1444 1414 1470 ex
1447 1428 1594 1470 multis
1629 1429 1774 1471 allatis

327 1506 542 1559 exemplis
583 1506 896 1547 accommodari
932 1507 1101 1558 possint
1140 1520 1279 1562 neque
1321 1507 1413 1547 ullo
1456 1507 1582 1548 modo
1616 1521 1675 1547 ex
1710 1506 1775 1547 lo·-

328 1583 485 1638 quendi
518 1584 691 1637 generis
726 1592 880 1623 natura
922 1591 964 1623 et
994 1583 1163 1637 origine
1197 1583 1318 1633 elici,
1362 1583 1490 1623 valde
1522 1583 1775 1633 delectatur,

326 1659 654 1701 Ramshornius.
732 1660 817 1701 Sed
861 1673 944 1713 non
988 1659 1160 1710 dicunt,
1206 1674 1299 1714 quae
1340 1661 1422 1700 ista
1466 1661 1522 1700 sit
1561 1662 1776 1713 praecipua

327 1737 515 1791 dignitas
558 1735 763 1776 vocabuli
805 1750 858 1776 ne
903 1736 954 1776 ad
1001 1735 1116 1777 aliud
1167 1737 1337 1791 quidem
1380 1738 1594 1778 contrarie
1635 1736 1776 1787 relati,

326 1822 400 1854 aut
433 1827 525 1868 quae
548 1814 692 1865 'possit
732 1827 828 1853 esse
860 1815 1034 1854 omnino
1061 1814 1103 1852 in
1134 1812 1213 1853 hac
1242 1828 1289 1853 re
1321 1814 1522 1867 gerundii
1552 1814 1775 1869 singulare

325 1899 612 1938 momentnm3
655 1904 753 1930 nam
794 1891 840 1930 in
875 1888 1106 1930 verborum
1142 1889 1290 1930 ordine
1325 1890 1368 1930 id
1409 1892 1526 1930 cerni
1555 1890 1773 1945 putabam,

327 1968 400 2022 qui
426 1968 699 2007 constituitur
728 1965 944 2007 rhetorica
967 1967 1192 2008 notionum
1220 1967 1455 2022 dignitate3
1487 1968 1537 2008 ad
1560 1983 1773 2023 gramina-

324 2046 454 2084 ticam
497 2043 704 2084 orationis
752 2043 935 2084 formam
977 2043 1226 2085 mutandam
1285 2045 1381 2098 ipsa
1420 2044 1592 2086 demum
1636 2047 1775 2086 notio·

325 2135 424 2162 num
458 2129 611 2161 natura
643 2129 686 2161 et
724 2120 837 2161 inter
867 2134 913 2161 se
947 2121 1058 2162 ratio
1092 2130 1255 2162 mutata
1288 2123 1375 2162 vim
1406 2120 1595 2177 aliquam
1629 2121 1773 2164 habet.

326 2197 502 2238 Scilicet
545 2199 713 2252 quoties
750 2197 809 2238 ad
830 2197 1095 2247 jaciendum
1140 2198 1312 2253 aliquid
1351 2198 1557 2249 dicimus,
1604 2213 1773 2255 semper

324 2274 419 2323 vis,
465 2282 512 2313 ut
541 2273 801 2328 loquuntur,
845 2283 909 2315 est
941 2277 986 2315 in
1020 2274 1180 2327 verbo3
1225 2289 1364 2331 neque
1405 2278 1518 2317 enim
1551 2277 1604 2317 de
1638 2291 1684 2317 re
1711 2276 1775 2316 lo-

326 2351 497 2405 quimur
527 2349 751 2400 absolute,
785 2351 859 2390 sed
894 2351 946 2391 de
982 2351 1063 2392 hoc
1095 2353 1217 2406 ipso,
1249 2353 1301 2392 de
1336 2351 1560 2392 efficienda
1590 2367 1660 2400 re3
1691 2353 1772 2392 ita-

326 2440 407 2481 que
439 2426 552 2466 istud
585 2439 761 2478 prorsus
795 2426 944 2466 eodem
978 2427 1070 2466 iure
1109 2425 1217 2482 fingi
1248 2429 1293 2467 in
1333 2427 1531 2468 omnibus
1575 2430 1667 2468 eius
1699 2443 1773 2484 ge-

326 2504 441 2543 neris
475 2504 711 2557 participiis
744 2510 898 2557 potest.
962 2502 1096 2543 Velut
1128 2504 1239 2557 quod
1268 2503 1580 2545 Ramshornius
1602 2507 1652 2545 ad
1675 2505 1773 2546 Liv.

325 2579 367 2621 V
374 2578 436 2629 ΙΙ,
471 2580 499 2619 5
532 2580 612 2630 (ad
647 2578 960 2619 conciliandum
992 2583 1204 2633 gratiam)
1245 2581 1442 2622 adnotat:
1484 2581 1641 2623 ‘’Nicht
1674 2596 1772 2622 con-

326 2656 587 2706 ciliandum,
619 2670 697 2696 zm·
734 2656 896 2707 Guusl,
929 2652 998 2696 die
1029 2656 1255 2698 erworben
1286 2659 1458 2699 werden
1489 2659 1643 2710 sollte,
1674 2675 1773 2700 son-

326 2734 429 2774 dern
459 2747 536 2773 zur
567 2732 834 2788 Ermerbemg
862 2733 1131 2784 derselben''‚
1167 2733 1299 2776 velim
1330 2737 1455 2787 scire,
1486 2736 1597 2792 quod
1626 2737 1771 2778 statim

328 2824 350 2849 o
383 2812 596 2852 contrario
626 2825 786 2867 genere
816 2812 960 2866 ponit:
993 2810 1112 2853 homo
1143 2825 1301 2866 magna
1331 2811 1458 2856 habet
1488 2817 1771 2856 instrumenta
