1981 3390
1449 252 1540 300 185

159 375 404 413 societatem
437 370 512 413 sub
543 371 731 412 alicuius
764 372 934 410 nomine
964 368 1063 424 quid
1097 370 1180 417 sit,
1212 368 1489 424 intelligitur,
1522 373 1603 412 etsi

157 449 517 502 interpretantur:
550 446 625 488 suh
656 448 844 488 alicuius·
875 448 1012 487 tutela
1046 447 1282 495 collocare,
1312 459 1390 486 nec
1420 460 1608 501 praesens

160 534 328 580 tempus
372 533 518 579 aptum
553 531 633 564 est.
714 523 764 563 In
798 523 1016 564 codicibus
1047 523 1226 564 Oxonn.
1266 525 1295 562 (ἰ
1327 531 1369 563 et
1398 523 1608 564 Parisinis

160 602 433 643 Steinmetzii
465 599 700 650 (Gruterus
734 601 881 653 tacet,)
921 609 963 640 et
1001 602 1045 641 in
1078 601 1174 641 edd.
1206 608 1310 640 vett.
1342 608 1408 640 est
1436 604 1605 649 stutm't,

158 691 244 719 non
277 682 499 719 statuitur.
557 678 604 718 ld
625 679 932 719 Steinmetzius
964 679 1150 732 recepit3
1183 677 1257 717 sed
1288 682 1480 717 statuere
1511 691 1607 717 esse

159 759 336 809 negotia
371 769 529 809 gerere
561 756 776 806 (emendi,
807 755 1026 809 rapiendi,
1059 753 1261 806 similia),
1292 768 1417 795 nemo
1448 754 1607 804 credet,

158 846 238 873 nec
263 832 419 873 melius
443 841 508 872 est
530 831 605 872 sub
629 834 816 872 alicuius
829 836 999 872 nomine
1018 837 1223 871 statuere.
1275 829 1478 885 Corrupit
1495 831 1608 871 hunc

157 908 302 949 locum
337 911 465 949 unius
504 908 690 949 literuloe
730 908 990 962 duplicatio,
1038 921 1166 961 quam
1207 907 1386 947 alterius
1425 910 1605 948 mutatio

160 994 390 1027 consecuta
440 993 532 1034 est;
581 999 680 1025 nam
721 999 799 1039 pro
840 987 1184 1024 soct'etasstatectt
1223 983 1498 1024 scribendum
1545 992 1611 1024 est

159 1063 492 1103 soca'etaslatm't.
554 1061 626 1103 Sic
658 1061 830 1102 demum
861 1062 1085 1116 aptissima
1117 1061 1211 1100 exit
1233 1062 1463 1100 sententia.
1526 1060 1612 1101 La-

159 1141 294 1179 tuisse
333 1139 504 1180 foedam
537 1140 666 1179 istam
708 1140 957 1192 rapinarum
992 1139 1244 1178 societatem
1290 1139 1350 1178 ait
1392 1139 1514 1192 quasi
1548 1147 1610 1178 te-

160 1225 273 1257 ctam
303 1216 383 1256 sub
415 1217 589 1256 nomine
605 1215 895 1269 Chrysogoni,
925 1215 1113 1256 hominis
1142 1216 1346 1269 potentis,
1379 1215 1490 1269 quod
1519 1224 1612 1255 tan-

163 1307 291 1348 quam
319 1293 496 1348 clypeus
530 1292 805 1333 obiiceretur.
875 1291 995 1333 Dicit
1021 1300 1164 1332 autem
1190 1292 1372 1332 latuisse
1393 1293 1610 1346 praeterito

162 1379 383 1424 tempore3
423 1384 535 1410 nunc
574 1353 705 1410 eninr
734 1371 827 1424 ipse
869 1383 963 1410 eam
1008 1368 1228 1425 protraxit
1269 1382 1323 1409 ex
1356 1368 1537 1410 latebris
1569 1378 1613 1410 et

160 1448 206 1487 in
241 1448 471 1487 manifesta
502 1446 599 1487 luce
633 1446 880 1487 collocavit.

283 1523 333 1563 In
365 1523 631 1578 Pompeiana
675 1524 871 1564 oratione
910 1522 1055 1563 omnia
1095 1522 1188 1562 fere
1223 1523 1494 1576 perspicuam
1537 1522 1612 1563 ha-

163 1599 268 1641 bent
296 1601 597 1640 auctoritatem
631 1608 673 1640 et
701 1600 940 1649 rationem,
974 1598 1097 1639 velut
1123 1598 1236 1653 quod
1261 1612 1297 1638 c.
1330 1599 1399 1648 20,
1431 1600 1500 1647 60,
1535 1612 1611 1654 pro

161 1690 246 1718 non
283 1677 380 1718 dico
410 1685 585 1732 recepta
618 1677 711 1718 cod.
747 1677 1016 1717 Erfurtensis
1051 1677 1293 1729 scriptura,
1337 1688 1422 1715 non
1456 1675 1611 1724 dicam,

164 1756 337 1795 restitui
382 1768 532 1795 veram
580 1755 790 1795 orationis
839 1753 1023 1794 formam
1077 1760 1121 1793 et
1164 1751 1374 1807 figuram3
1423 1753 1617 1806 sequitur

165 1833 302 1873 enim:
335 1845 420 1872 uon
444 1832 585 1873 dicam
602 1854 655 1864 —·
672 1844 757 1872 non
780 1829 1123 1871 commemorabo.
1172 1828 1380 1870 —Tantum
1412 1829 1464 1868 de
1486 1843 1521 1868 c.
1547 1830 1616 1879 14,

162 1910 219 1949 42
249 1909 565 1950 admonendum
609 1917 695 1958 est,
737 1908 815 1949 ubi
857 1922 951 1948 eam
983 1907 1213 1948 lectionem
1256 1907 1516 1960 optimorum
1546 1918 1616 1944 co-

165 1985 324 2036 dicum,
343 1988 472 2026 etiam
495 1985 781 2040 palimpsesti,
806 1985 966 2038 recepi,
997 1997 1122 2037 quam
1148 1981 1342 2023 Orellius
1365 1994 1614 2034 perversam

167 2062 329 2101 iudicat
365 2060 524 2110 (hostes
566 2074 706 2100 omues
749 2064 931 2100 omnium
963 2061 1205 2112 generum).
1277 2057 1488 2111 Equidem
1531 2071 1616 2097 non

169 2138 322 2188 video,
367 2152 441 2178 cur
481 2137 726 2177 necessario
772 2135 841 2176 hic
879 2136 1028 2189 piratae
1063 2132 1340 2189 significandi
1372 2134 1533 2174 fuerint
1566 2148 1615 2174 ae

167 2228 254 2255 non
285 2216 414 2254 sociis
445 2216 648 2254 universe
689 2213 836 2254 hostes
878 2213 1081 2252 contrarii
1117 2211 1328 2266 ponendi,
1373 2218 1430 2260 et,
1464 2210 1616 2264 ampli·

169 2289 326 2332 ficandi
368 2305 521 2341 causa,
565 2291 711 2331 hostes
753 2303 902 2330 omnes
950 2289 1141 2329 omnium
1182 2301 1422 2341 generum3
1468 2300 1617 2327 omnes

169 2369 283 2409 enim
316 2368 511 2423 Pompeii
534 2366 663 2409 fidem
687 2367 862 2422 experti
888 2373 1011 2408 erant
1041 2372 1084 2405 et
1116 2365 1268 2415 secuti,
1298 2371 1346 2404 ut
1372 2362 1618 2414 Cretenses,

169 2458 254 2486 non
288 2445 372 2486 soli
402 2446 567 2499 piratae.

286 2521 336 2563 In
353 2521 621 2563 orationibus
636 2520 903 2562 Catilinariis
918 2521 1083 2560 utinam
1100 2519 1337 2561 Steinmetz
1354 2519 1514 2559 codicis
1528 2518 1614 2559 Te-

170 2601 444 2654 gernseensis
459 2598 668 2639 lectiones
682 2597 935 2652 diligentius
949 2598 1211 2637 adnotasset.
1247 2596 1488 2637 Verissime
1504 2596 1618 2635 enim

172 2676 398 2731 Zumptius
426 2675 478 2716 ad
498 2676 625 2717 Verr.
642 2691 682 2731 p.
705 2676 789 2715 828
813 2674 948 2716 multa
969 2689 1064 2715 esse
1089 2676 1133 2714 in
1161 2673 1426 2714 Catilium-iis
1455 2672 1618 2722 scribit,

173 2767 264 2808 quae
280 2755 432 2794 merito
448 2753 684 2794 offendant.
737 2751 931 2802 Quorum
956 2767 1038 2807 ego
1060 2765 1191 2792 unum
1217 2759 1255 2791 et
1273 2750 1453 2789 alterum
1471 2757 1618 2789 notare

175 2831 310 2880 potui,
334 2830 563 2872 manifesto
578 2831 797 2879 vitiosum,
815 2829 933 2871 velut
950 2829 1227 2883 illudipsum,
1253 2827 1303 2867 de
1319 2824 1619 2880 quoibiZum·
