1981 3390
410 180 479 230 40

349 313 447 342 rum
476 297 682 356 exempla
719 297 881 341 habere
914 297 1156 341 videbatur.
1224 298 1345 341 Idem
1378 298 1514 341 multo
1551 297 1725 342 facilius
1755 310 1799 343 et

351 377 530 420 brevius
561 376 660 420 fieri
686 384 831 433 potest
857 377 904 417 in
937 375 1104 432 aliquot
1133 376 1266 430 locis,
1305 391 1413 434 quos
1445 377 1544 420 ideo
1570 391 1712 432 pono,
1743 392 1799 420 ne

354 457 450 498 sine
495 469 626 497 causa
666 454 748 495 hoc
790 466 929 509 genus
979 467 1205 495 accusasse
1248 456 1413 497 videar.
1503 455 1641 496 Velut
1688 456 1803 512 quod

353 532 523 577 Weber
555 530 812 574 Iuvenalem
843 529 880 582 I,
910 531 967 572 66
997 545 1116 588 seqq.
1146 540 1256 574 tecte
1286 534 1330 574 in
1362 531 1425 574 Μ.
1458 532 1692 588 Regulum,
1725 548 1801 576 no·

357 619 451 652 tum
479 624 539 651 ex
567 609 702 651 Plinii
735 608 932 665 epistolis
965 617 1008 650 et
1035 609 1225 662 aliunde,
1255 610 1406 651 invehi
1434 618 1572 666 putat,
1604 612 1704 666 quid
1739 621 1805 654 est

355 690 403 729 in
428 686 589 738 verbis,
624 701 684 729 ex
714 701 798 743 quo
830 688 969 743 magis
985 686 1181 742 Regulus
1196 687 1483 743 intelligatur,
1516 702 1645 743 quam
1662 690 1804 744 quivis

357 765 470 807 alius
512 779 572 807 ex
609 764 739 807 foeda
779 763 956 806 illorum
999 773 1241 820 temporum
1284 763 1411 805 turba
1449 763 1726 807 falsariorum
1742 766 1803 818 1)ss

358 852 434 885 aut
466 843 579 899 quod
606 842 642 884 I.
674 857 716 885 v.
747 844 804 883 69
840 849 1080 883 matronam
1119 850 1341 898 potentem
1372 842 1685 897 Agrippinam,
1717 856 1807 884 ma-

357 929 468 962 trem
495 919 700 972 Neronis,
729 934 825 961 esse
857 919 1026 972 volunt,
1060 920 1162 976 quid
1193 920 1457 976 perversius,
1490 934 1632 975 quam,
1677 934 1808 976 quum

358 1006 490 1054 poeta
524 996 739 1040 veneficia
768 1005 1062 1039 matronarum
1090 997 1169 1038 illo
1198 999 1293 1052 ipso
1323 1005 1516 1053 tempore
1547 998 1807 1053 frequentis-

360 1077 472 1118 sima
503 1075 640 1117 fuisse
680 1074 787 1116 alibi
830 1075 944 1116 dicat
985 1075 1092 1127 (VI,
1140 1076 1237 1116 655.
1267 1076 1407 1127 656.),
1448 1083 1624 1131 propter
1668 1075 1806 1118 solam

359 1155 566 1211 potentiae
594 1153 959 1209 appellationem,
991 1154 1116 1209 quasi
1147 1152 1279 1193 nullae
1309 1152 1457 1193 Romae
1490 1161 1644 1209 praeter
1673 1155 1808 1209 impe-

361 1239 556 1273 ratorum
591 1244 755 1272 uxores
796 1238 998 1285 potentes
1040 1237 1248 1270 matronae
1290 1229 1477 1280 fuerint,
1520 1229 1809 1285 Agrippinam

363 1321 419 1349 ex
458 1306 646 1348 Neronis
692 1315 886 1362 tempore
929 1306 1014 1348 huc
1059 1307 1297 1356 advocare,
1347 1307 1392 1347 in
1435 1320 1564 1362 quam
1604 1321 1660 1348 ne
1700 1308 1813 1349 cadit

364 1385 538 1442 quidem
576 1383 780 1426 veneficii
816 1398 955 1440 genus
1005 1399 1032 1426 a
1071 1392 1202 1440 poeta
1242 1385 1448 1439 positum.
1528 1384 1655 1426 Illius
1697 1387 1812 1426 enim

364 1461 538 1504 boletus
568 1463 822 1503 notissimus
855 1469 936 1512 est,
968 1475 1052 1517 quo
1068 1460 1300 1503 Claudium
1330 1461 1522 1514 sustulit,
1552 1462 1623 1504 hic
1653 1462 1810 1505 rubeta

364 1541 636 1592 nominatur,
670 1553 810 1595 genus
839 1540 999 1580 veneni
1029 1547 1141 1590 tum,
1175 1547 1224 1580 ut
1258 1540 1441 1591 videtur,
1472 1539 1719 1581 rumoribus
1749 1541 1813 1583 ia-

366 1627 528 1661 etatum
569 1617 667 1668 (cfr.
692 1616 786 1669 III,
814 1617 883 1657 44.
914 1615 996 1668 VI,
1027 1617 1158 1669 6590.
1228 1616 1370 1667 Quam
1409 1616 1625 1659 violenter
1669 1626 1814 1660 autem

365 1695 504 1739 verba
520 1696 573 1737 ad
593 1695 842 1736 huiusmodi
860 1708 930 1757 res
948 1693 1258 1750 significandas
1281 1696 1632 1750 detorqueantur,
1663 1710 1814 1738 exem-

365 1773 442 1831 plo
477 1788 572 1815 esse
604 1781 763 1828 potest,
801 1772 915 1829 quod
948 1771 983 1824 I,
1013 1773 1084 1823 78,
1116 1770 1193 1813 ubi
1221 1773 1267 1813 in
1298 1772 1494 1814 libidinis
1527 1772 1708 1829 flagitiis
1739 1787 1816 1815 no-

368 1853 511 1894 tandis
543 1864 709 1906 sponsae
748 1857 895 1906 turpes
925 1855 966 1891 et
989 1855 1286 1905 praetextams
1318 1851 1491 1891 adulter
1522 1865 1547 1892 a
1577 1859 1707 1906 poeta
1738 1865 1814 1906 po—

369 1938 553 1979 nuntur,
596 1942 778 1983 sponsas
815 1927 919 1969 illas
964 1928 1085 1968 viros
1134 1926 1347 1969 nubentes
1387 1927 1662 1983 intelligunt,
1702 1928 1816 1985 quod

370 2021 509 2065 genus
539 2006 762 2049 foeditatis
792 2006 839 2046 in
870 2006 1004 2048 satira
1031 2005 1222 2047 secunda
1244 2005 1459 2062 exagitat,
1489 2006 1614 2061 quasi
1639 2006 1697 2047 iis
1721 2019 1817 2048 ver-

400 2191 439 2236 ι)
464 2191 507 2225 In
533 2189 663 2223 eodem
686 2188 771 2221 loco
798 2186 943 2221 Weber
963 2196 1000 2221 v.
1025 2185 1073 2221 67
1096 2184 1361 2221 difficultatem
1394 2184 1467 2220 sibi
1491 2184 1685 2220 sustulisse
1712 2185 1817 2220 vide-

460 2255 536 2292 tur,
564 2249 663 2294 quod
689 2246 883 2282 admonuit
910 2246 1079 2290 signator
1099 2245 1203 2287 falco
1228 2246 1301 2279 dici
1325 2246 1520 2280 intellecto
1549 2246 1598 2288 in,
1626 2249 1669 2280 ut
1695 2246 1818 2291 saepis-

461 2311 558 2346 sime
584 2308 684 2354 apud
708 2308 939 2341 Iuvenalem.
990 2306 1137 2340 Vellem
1161 2306 1343 2351 posuisset
1365 2307 1505 2349 locum,
1531 2306 1597 2340 ubi
1620 2307 1820 2351 reperisset

463 2371 606 2406 (lictum
634 2369 804 2414 signator
838 2368 875 2402 in
903 2366 1027 2409 falsa,
1061 2367 1098 2399 in
1123 2367 1282 2407 tabulis,
1319 2367 1356 2400 in
1383 2371 1596 2401 testamento
1620 2366 1818 2411 similiave,

463 2432 527 2468 vel
554 2434 668 2473 certe,
693 2430 760 2464 ubi
785 2429 936 2474 signare
959 2428 996 2461 in
1022 2427 1170 2468 tabulis,
1197 2427 1235 2461 in
1259 2431 1483 2463 testamento.
1538 2428 1614 2462 Aut
1636 2431 1738 2462 recte
1761 2428 1819 2463 in-

464 2492 655 2538 terpunxit
678 2491 897 2537 Rupertius‚
922 2492 965 2523 ut
990 2489 1154 2534 primum
1182 2488 1355 2523 universe
1372 2489 1476 2531 falso
1504 2488 1662 2531 dicatur,
1687 2489 1821 2524 deinde

463 2553 698 2600 singulatim,
725 2552 832 2587 etita
858 2554 898 2586 ut
922 2550 1086 2585 facilitas
1110 2549 1166 2583 rei
1190 2549 1433 2595 significetur,
1458 2550 1602 2594 exiguis
1626 2550 1761 2584 tabulis
1786 2555 1822 2585 et

462 2626 607 2660 gemma
633 2615 706 2648 uda
733 2613 851 2658 (quod
875 2616 1002 2647 tamen
1037 2623 1105 2645 nec
1130 2621 1197 2656 per
1218 2622 1257 2644 se
1281 2611 1420 2645 bonum
1450 2614 1505 2644 est
1530 2615 1566 2645 et
1592 2610 1700 2645 nimis
1721 2611 1818 2644 nude

465 2676 520 2712 sic
552 2675 689 2710 dicitur
724 2673 926 2720 signator),
962 2676 1028 2707 aut
1060 2671 1252 2717 scripsisse
1284 2671 1471 2706 Iuvenalis
1496 2670 1643 2706 videtur
1666 2671 1821 2716 Signata

457 2737 582 2779 salso,
605 2740 649 2772 ut
672 2736 840 2782 signator
864 2733 1045 2780 scriptum
1065 2732 1114 2769 sit
1136 2733 1184 2768 ab
1209 2732 1350 2778 aliquo,
1376 2732 1439 2777 qui
1453 2731 1663 2770 subiectum
1680 2743 1817 2779 μεω-

465 2797 584 2835 «lenus
606 2796 797 2836 sentcntiae
819 2794 1052 2834 substantivo
1076 2804 1290 2841 expressum
1315 2792 1595 2831 desideraverit.
