1981 3390
378 233 476 282 262

311 354 424 403 rint,
464 351 648 404 primum
691 350 923 392 tenendum
969 358 1060 402 est,
1113 349 1289 391 colonos
1332 349 1512 390 Latinos
1553 349 1757 390 deductos

316 442 412 470 esse
444 429 489 468 in
521 428 724 481 regiones
752 426 959 479 hostiles,
992 443 1018 469 a
1049 442 1228 483 quarum
1262 427 1418 468 incolis
1448 427 1628 467 diversae
1660 427 1759 467 stir-

314 507 382 559 pis
414 519 499 546 non
529 504 670 545 solum
707 513 882 558 propter
915 506 1164 545 societatem
1206 505 1471 554 Romanam,
1511 504 1586 544 sed
1628 505 1758 544 mori-

317 581 424 633 bus,
477 581 730 635 disciplina,
777 594 975 620 sermone
1021 582 1083 621 ita
1123 581 1442 635 discreparent,
1481 589 1528 620 ut
1574 580 1760 635 undique

315 659 442 699 initio
477 656 683 711 periculis
719 657 848 696 cincti
880 659 1124 698 necessario
1164 659 1210 697 in
1250 657 1540 698 Romanorum
1580 670 1760 698 consan-

319 736 577 789 guineorum
609 732 780 773 auxilio
805 734 1044 774 niterentur
1073 735 1118 773 in
1151 747 1384 787 eorumque
1418 732 1502 773 fide
1523 741 1760 784 manerent,

319 809 603 850 abhorrerent
621 823 722 850 vero
747 824 772 850 a
789 808 1070 850 finitimorum
1091 811 1297 850 societate
1315 811 1369 860 1).
1401 808 1586 859 Deinde,
1607 808 1762 864 quibus

319 885 506 927 stimulis
538 887 591 927 ad
621 885 785 927 alienas
816 886 937 942 leges
968 887 1230 942 spernendas
1259 885 1643 939 vindicandamque
1675 884 1766 940 ple-

320 977 421 1004 nam
454 965 522 1003 sui
559 971 818 1018 potestatem
853 963 1003 1019 populi
1034 964 1296 1004 commoveri
1325 962 1490 1013 solent,
1531 963 1588 1013 ii,
1629 962 1766 1003 fracta

320 1040 459 1082 semel
489 1042 651 1081 veteris
665 1040 783 1081 Latii
811 1042 1034 1091 societate,
1063 1039 1254 1081 hebetati
1285 1049 1423 1090 erant,
1451 1053 1530 1079 nec
1558 1038 1688 1079 facile
1720 1039 1765 1079 in

323 1115 506 1160 coloniis
536 1131 694 1173 magno
723 1117 918 1159 locorum
948 1116 1182 1158 intervallo
1210 1119 1420 1170 separatis
1447 1116 1615 1172 renasci
1644 1123 1766 1170 pote·

321 1202 434 1236 rant.
489 1193 678 1235 Omnino
712 1203 857 1235 autem
886 1203 985 1250 post
1016 1208 1176 1235 annum
1200 1195 1297 1243 338,
1328 1191 1618 1247 compluribus
1645 1191 1765 1232 Lati-

322 1285 476 1312 norum
528 1271 697 1325 oppidis
753 1272 799 1311 in
856 1273 1076 1312 civitatem
1128 1270 1367 1311 Romanam
1433 1270 1619 1324 primum
1671 1270 1766 1309 sine

323 1348 534 1402 suffragio
575 1349 759 1402 receptis
790 1348 946 1388 deinde
986 1349 1197 1402 suffragio
1230 1347 1424 1396 donatis,
1463 1346 1649 1386 nominis
1680 1344 1766 1386 La-

323 1425 404 1465 tini
443 1423 701 1479 appellatio,
756 1425 794 1464 si
838 1422 979 1465 Tibur
1029 1433 1071 1464 et
1110 1425 1331 1465 Praeneste
1376 1424 1643 1477 excipimus,
1688 1423 1768 1462 vix

324 1500 463 1541 ullum
503 1500 622 1541 aliud
654 1501 786 1556 paulo
818 1500 1008 1542 nobilius
1048 1510 1241 1542 veterum
1271 1501 1525 1540 Latinorum
1566 1499 1768 1553 oppidum

326 1577 742 1633 comprehendebat,
784 1579 858 1618 sed
888 1586 1040 1630 praeter
1072 1577 1359 1617 Hernicorum
1393 1576 1583 1631 quaedam
1612 1575 1770 1630 oppida

327 1663 370 1695 et
384 1654 644 1696 Volscorum
659 1655 1001 1714 lEquorumque,
1035 1655 1107 1709 qui
1138 1653 1364 1709 paullatim
1391 1655 1435 1693 in
1469 1653 1644 1702 eadem,
1676 1666 1769 1708 quae

326 1730 496 1772 Latinis
529 1731 717 1772 subactis
750 1731 905 1772 relicta
936 1740 1072 1780 erant,
1102 1732 1196 1770 iura
1222 1731 1384 1784 recepti
1404 1729 1578 1770 Latium
1608 1743 1770 1770 novum

328 1821 464 1864 usque
496 1809 551 1849 ad
570 1809 706 1849 Lirim
736 1818 889 1864 patens
919 1807 1145 1857 tenebant,
1177 1807 1293 1848 solas
1321 1807 1420 1847 illas
1451 1806 1644 1847 colonias
1673 1820 1771 1847 sen·

328 1887 410 1926 sim
448 1895 724 1940 propagatas.
803 1885 917 1926 Tum
969 1886 1063 1940 agri
1112 1886 1349 1939 assignatio
1390 1883 1538 1939 populi
1587 1883 1773 1924 Romani

328 1963 506 2004 victoris
539 1964 660 2002 iussu
695 1963 806 2003 facta
836 1977 911 2017 pro
944 1976 1047 2002 vero
1082 1959 1293 2001 beneficio
1327 1959 1633 2015 accipiebatur.
1689 1959 1773 2000 Po-

328 2048 487 2080 stremo
521 2039 787 2095 reliquorum
823 2026 959 2080 Itali'ae
989 2038 1244 2093 populorum
1280 2052 1304 2078 a
1341 2037 1546 2078 Romanis
1573 2036 1773 2077 subacto-

328 2132 423 2159 rum
457 2117 644 2158 deterior
677 2117 872 2157 condicio
903 2125 945 2157 et
976 2118 1191 2172 iniquiora
1218 2116 1396 2156 foedera
1414 2114 1595 2156 Latinos
1615 2113 1773 2156 Roma-

331 2196 398 2234 nis
431 2193 744 2244 conciliabant,
777 2209 803 2235 a
831 2197 985 2235 ceteris
1014 2193 1315 2249 seiungebant.

449 2270 531 2311 11ae
561 2279 660 2311 sunt
681 2272 814 2324 igitur
844 2271 1023 2312 coloniae
1054 2271 1138 2311 illae
1157 2271 1337 2321 Latinae,
1369 2283 1546 2326 quarum
1579 2281 1773 2323 propago

359 2402 396 2444 ¹)
424 2398 695 2443 Antiquissima,-
721 2396 872 2431 colonioe
897 2397 1036 2431 Latina>
1061 2396 1098 2430 in
1116 2398 1335 2430 Volscorum
1354 2399 1389 2429 et
1406 2397 1610 2440 AEquorum
1638 2394 1776 2440 oppida

425 2460 588 2493 deductae
614 2461 719 2498 sunt,
761 2457 822 2501 qui
850 2457 881 2490 si
907 2457 1029 2490 minus
1055 2457 1247 2500 aliquanto
1276 2467 1297 2489 a
1325 2455 1463 2489 Latinae
1489 2454 1614 2500 stirpis
1639 2460 1775 2490 natura
1816 2502 1817 2505 Ἴ

424 2519 700 2559 abhorrebant,
737 2528 848 2561 quam
873 2517 1040 2558 Etrusci,
1081 2517 1207 2558 Galli,
1247 2516 1336 2557 alii,
1361 2516 1540 2550 suberant
1571 2515 1775 2550 vicinitatis

425 2580 512 2615 odia
550 2578 772 2614 exacerbata
800 2578 987 2623 perpetuis
1023 2577 1156 2618 bellis;
1194 2576 1367 2621 proximae
1403 2575 1568 2610 Etruscis
1594 2576 1774 2621 impositio

421 2644 529 2682 sunt,
558 2640 690 2674 deinde
716 2639 798 2673 aliae
824 2650 891 2683 per
916 2639 1132 2679 Samnium,
1168 2636 1432 2681 Campaniam,
1458 2637 1672 2679 Umbriam,
1698 2638 1775 2671 Lu-

426 2701 595 2744 caniam,
621 2701 786 2735 Galliam
813 2712 957 2745 sparsoe.
1016 2700 1055 2732 ln
1086 2699 1164 2744 ipso
1194 2697 1299 2730 Latio
1328 2698 1452 2730 nullas
1480 2697 1637 2741 praesidii
1664 2708 1775 2731 causa

426 2773 449 2795 a
472 2761 651 2796 Romanis
674 2761 848 2796 constitui
884 2760 1046 2805 potuisse
1073 2759 1141 2793 nisi
1166 2757 1301 2792 civium
1327 2758 1491 2791 colonias
1517 2757 1629 2791 facilc
1658 2760 1773 2803 patet,

425 2821 495 2857 uiui
520 2823 618 2867 quod
644 2823 821 2869 oppidum
849 2822 1022 2857 Latinum
1048 2820 1189 2856 Volscis
1217 2818 1348 2854 aliisve
1375 2818 1597 2863 eripuerant.
