1981 3390
407 199 473 248 82

345 323 486 376 gitur,
519 319 732 375 quomodo
759 321 804 360 in
828 321 882 360 iis
912 332 1008 360 esse
1037 329 1262 361 senatores
1294 322 1514 375 potuerint
1543 333 1630 361 non
1658 326 1796 377 magis

347 398 609 449 militantes,
641 411 822 454 quorum
854 399 1095 452 praesertim
1128 399 1266 439 maior
1302 412 1401 453 pars
1434 399 1528 438 sine
1559 397 1689 439 dubio
1722 400 1799 439 sti-

344 477 501 533 pendi-a
522 490 633 531 equo
654 474 830 530 publico
855 475 1168 527 confecissent,
1198 483 1429 531 antequam
1447 477 1492 517 in
1516 484 1712 517 senatum
1736 475 1798 516 le-

344 563 574 610 gerentur,
625 567 709 608 quo
741 561 934 607 tempore
966 552 1308 604 observabatur,
1355 569 1408 594 ne
1441 556 1535 609 quis
1568 555 1797 608 magistra-

345 644 434 673 tum
467 639 655 685 caperet,
684 631 768 669 nisi
802 631 875 684 qui
905 630 1053 671 decem
1085 632 1304 686 stipendia
1332 632 1509 673 fecisset
1534 631 1796 686 (Polyb.VI‚

346 713 412 759 19,
447 712 470 760 §
495 710 554 759 4).
611 706 701 748 Vel
729 709 791 747 sic
822 716 966 747 tamen
996 707 1167 762 aliquos
1201 710 1245 748 in
1274 717 1472 750 senatum
1504 711 1678 751 venisse
1707 724 1798 750 cre-

344 787 478 828 dibile
513 794 602 836 est,
657 786 731 840 qui
765 784 836 825 vel
874 799 985 840 equo
1018 786 1189 840 privato
1224 784 1293 826 vel
1322 787 1490 840 pedites
1523 789 1797 828 meruissent.

344 865 470 915 Quod
507 872 652 905 autem
681 863 804 914 dico,
861 871 1085 903 senatores
1131 877 1215 903 non
1249 863 1486 915 militasse,
1539 863 1622 905 hoc
1657 867 1798 921 ipsum

344 943 571 998 intelligo,
603 941 832 996 stipendiis
863 940 1068 981 confectis
1099 940 1355 997 plerumque
1389 951 1612 983 senatores
1645 943 1799 995 factos,

345 1036 429 1062 non
460 1021 731 1062 vacationem
761 1018 1029 1075 singularem
1051 1019 1209 1060 datam.
1265 1020 1424 1061 Postea
1447 1021 1633 1076 quidem,
1667 1036 1797 1077 quum

345 1114 404 1140 ex
436 1100 491 1139 iis
525 1099 617 1139 fere
649 1097 780 1149 solis,
812 1099 886 1153 qui
918 1099 1197 1153 magistratus
1230 1106 1457 1153 ceperant,
1490 1107 1666 1139 senatus
1699 1113 1799 1154 sup-

345 1175 562 1234 plebatur,
593 1184 838 1217 senatorem
865 1175 1076 1216 militasse
1104 1190 1190 1216 non
1213 1175 1316 1231 lego
1344 1178 1428 1216 nisi
1455 1185 1528 1217 aut
1555 1179 1797 1218 exercitum

342 1256 569 1296 ducentem
602 1262 675 1294 aut
705 1253 899 1307 legatum
929 1262 1004 1293 aut
1034 1252 1255 1293 tribunum
1287 1252 1543 1303 militarem,
1578 1253 1798 1304 (consula-

343 1346 413 1374 res
445 1331 641 1372 tribunos
672 1330 859 1371 militum
890 1329 1040 1386 plures
1065 1329 1245 1386 collegit
1273 1329 1392 1371 Duk.
1428 1331 1481 1371 ad
1510 1330 1609 1371 Liv.
1637 1333 1708 1383 36,
1731 1333 1798 1382 17,

344 1412 413 1462 1),
448 1418 522 1450 aut
545 1408 840 1450 voluntarium
862 1408 982 1459 (Liv.
1003 1409 1081 1459 22,
1110 1409 1200 1458 49).
1260 1409 1339 1451 Sin
1371 1418 1514 1449 autem
1537 1410 1669 1450 ceteri
1690 1418 1798 1450 tam-

343 1489 417 1529 diu
437 1490 481 1528 in
502 1489 556 1527 iis
580 1488 785 1527 centuriis
805 1494 942 1538 erant,
966 1486 1106 1541 quoad
1129 1486 1345 1541 stipendia
1366 1487 1656 1537 confecerant,
1679 1487 1799 1527 dein·

343 1566 396 1607 de
428 1567 474 1605 in
506 1564 614 1605 alias
646 1563 1092 1615 transscribebantur,
1129 1563 1352 1620 singulare
1393 1578 1520 1615 sane,
1575 1573 1799 1605 senatores

345 1658 500 1699 equum
523 1642 744 1698 publicum
764 1643 1013 1701 retinuisse,
1043 1643 1137 1682 sive
1161 1641 1240 1683 hoc
1260 1641 1313 1683 ab
1333 1643 1440 1698 ipsis
1469 1643 1606 1682 initiis
1639 1642 1799 1683 descri-

344 1723 503 1778 ptionis
527 1722 670 1763 Servii
695 1719 835 1761 Tullii
857 1720 1139 1776 repetendum
1164 1729 1229 1760 est
1251 1722 1345 1761 sive
1371 1729 1522 1776 postea
1545 1729 1701 1761 ortum.

467 1800 553 1842 Sed
584 1800 889 1840 revertendum
925 1807 991 1840 est
1023 1799 1077 1839 ad
1110 1797 1333 1839 Ciceronis
1365 1797 1534 1848 locum,
1570 1799 1683 1839 unde
1717 1797 1798 1838 hoc

345 1880 405 1919 ita
442 1867 578 1918 fuisse
610 1885 802 1928 constat,
835 1885 882 1918 ut
911 1877 964 1918 de
993 1878 1048 1917 iis
1079 1876 1251 1926 verbis,
1283 1875 1438 1931 quibus
1468 1877 1648 1917 mutatio
1678 1884 1797 1916 vete—

344 1958 404 1996 ris
437 1956 625 1996 instituti
658 1953 957 2009 significatur,
999 1969 1137 2009 pauca
1171 1955 1378 1994 dicamus.
1440 1953 1489 1994 In
1520 1955 1575 1994 iis
1608 1954 1722 1994 enim
1755 1962 1799 1994 et

344 2033 492 2075 Maius
534 2042 577 2073 et
606 2032 874 2074 Niebuhrius
901 2031 978 2083 (H.
1012 2031 1064 2073 R.
1102 2031 1137 2072 I.
1169 2046 1210 2086 p.
1243 2033 1345 2081 456)
1370 2031 1647 2087 largitionem
1675 2030 1798 2071 illam

345 2126 553 2167 equorum
582 2111 896 2152 reddendorum
931 2110 1083 2161 aliter,
1129 2124 1179 2150 ac
1208 2107 1305 2150 fieri
1335 2108 1486 2160 debet,
1530 2107 1797 2164 intelligunt.

346 2191 506 2231 Putant
537 2190 677 2238 enim,
725 2202 858 2242 equos
891 2187 1082 2228 redditos
1115 2200 1212 2227 cum
1241 2186 1497 2226 detrimento
1527 2186 1795 2226 reddentium

346 2267 480 2318 (unde
512 2265 779 2307 Niebuhrius
813 2265 864 2305 de
911 2265 1068 2304 damno
1113 2271 1390 2317 compensato
1423 2264 1674 2318 cogitavit),
1735 2272 1796 2311 ut,

348 2359 441 2401 quae
473 2344 573 2384 inde
606 2343 780 2384 redacta
809 2344 853 2382 in
884 2341 1103 2398 publicum
1137 2341 1322 2395 pecunia
1355 2349 1496 2391 esset,
1555 2356 1632 2396 per
1663 2340 1796 2396 largi-

346 2424 509 2464 tionem
544 2421 853 2462 effunderetur.
947 2419 1137 2460 Primum
1177 2421 1274 2475 ipsa
1319 2417 1455 2460 verba
1495 2422 1622 2459 nimis
1652 2419 1796 2459 multis

345 2501 475 2541 stulte
504 2500 582 2540 ‹stc-
618 2508 660 2540 et
685 2499 838 2539 deinde
873 2499 1147 2552 largitionem
1181 2502 1381 2552 qnoermzt
1406 2497 1662 2549 ostendunt,
1709 2511 1795 2537 non

346 2578 398 2619 de
432 2577 633 2634 populari
667 2577 838 2618 tribuno
877 2576 1091 2632 largiendi
1123 2577 1347 2617 materiam
1381 2584 1597 2631 quaerente
1629 2575 1796 2629 Scipio·

347 2672 446 2698 nem
475 2655 594 2711 loqui
629 2654 746 2713 (eum
779 2644 893 2696 enim
927 2653 1052 2695 aliter
1083 2653 1473 2710 reprehendisset),
1534 2652 1610 2693 sed
1640 2652 1692 2692 de
1723 2652 1793 2701 iis,

348 2737 420 2791 qui
459 2734 706 2790 largitionis
745 2749 821 2789 spe
862 2734 979 2774 ducti
1015 2734 1153 2774 maius
1183 2732 1452 2774 commodum
1484 2729 1579 2771 tolli
1611 2744 1695 2770 non
1727 2730 1792 2770 in-

348 2812 620 2870 telligerent,
665 2821 842 2855 senatus
875 2813 917 2853 in
952 2812 1144 2868 equitatu
1178 2810 1403 2865 suffragia.
1461 2808 1575 2851 Tum
1611 2809 1790 2863 largitio
