1981 3390
449 241 548 291 474

383 375 510 417 quem
541 361 824 414 Garatonius,
865 363 1147 415 Schuetzius,
1174 362 1337 405 Miiller
1361 371 1626 419 sequuntur,
1665 376 1710 404 se
1738 378 1824 406 ser·

383 445 579 481 valterum
613 453 713 480 esse>
735 440 788 480 de
818 441 952 491 caelo,
983 440 1249 492 wamherus,
1282 441 1450 481 Orellio
1484 439 1712 496 probante,
1740 455 1825 481 ser·

384 522 580 557 vacarum
608 531 655 557 ee
684 517 737 557 de
770 517 913 565 caelo,
948 519 1198 557 mutationis
1232 533 1392 572 genere
1428 519 1617 558 omnium
1648 519 1824 558 minime

382 593 624 649 probabili,
667 606 778 646 quO,
822 606 951 646 quum
993 592 1113 632 nulla
1139 607 1315 646 prorsus
1352 596 1510 635 erroris
1543 596 1665 648 origo
1698 594 1825 635 intel-

382 671 462 726 ligi
503 672 663 724 possit,
709 677 902 722 tempora
934 667 1052 708 verbi
1100 669 1317 710 similiave
1359 671 1574 710 violenter
1612 673 1656 711 in
1689 671 1821 712 aliam

381 750 562 789 formam
601 746 932 786 transferuntur.
997 745 1167 786 Deinde
1209 746 1293 786 duo
1332 759 1417 786 non
1463 748 1824 787 animadvertunt.

380 825 571 866 Primum
602 826 679 863 auf
706 822 947 862 adversarii
975 822 1055 863 boc
1089 823 1270 862 edicturi
1299 821 1472 876 publice
1502 832 1647 873 erant,
1681 832 1727 864 ut
1754 823 1825 864 Bi-

381 901 532 951 butus,
575 909 649 941 aut
679 901 852 940 omnino
883 914 968 939 non
1002 900 1156 940 dicturi
1189 913 1267 940 nec
1297 900 1419 953 quasi
1450 899 1722 940 familiariter
1753 901 1827 941 ad·

379 980 598 1021 monituri.
663 976 759 1031 Ipse
790 991 958 1031 quoque
983 974 1133 1017 Cicero
1165 976 1241 1017 bas
1274 978 1412 1016 minas
1438 977 1826 1017 denuntiationem—

380 1072 461 1111 que
495 1070 625 1109 supra
657 1063 1048 1094 commemorasset.
1110 1053 1305 1104 Deinde,
1334 1055 1446 1108 quod
1478 1056 1609 1094 miror
1637 1069 1721 1094 non
1753 1069 1825 1095 ve·-

380 1134 496 1173 nisse
539 1133 581 1171 in
615 1139 825 1181 mentem,
869 1145 998 1185 quum
1022 1132 1124 1184 ‚ipse
1161 1129 1339 1170 Clodius
1371 1132 1569 1186 proximo
1602 1146 1714 1171 anno
1746 1145 1826 1171 sua

379 1209 478 1265 lege
512 1207 829 1263 prohibuisset,
863 1221 917 1248 ne
943 1210 1037 1261 quis
1071 1210 1240 1246 omniu-o
1273 1190 1487 1247 comitiali
1516 1207 1586 1247 dle
1617 1208 1670 1246 de
1704 1208 1822 1247 caelu

378 1291 575 1327 servm-et
599 1284 777 1340 (Ascon.
807 1285 865 1335 ad*
892 1293 1000 1325 orat.
1027 1286 1071 1324 in
1101 1284 1187 1324 Pis.
1217 1298 1252 1323 o.
1281 1285 1321 1323 4.
1351 1298 1392 1338 p.
1422 1285 1528 1333 124,
1569 1282 1658 1323 Cic.
1693 1297 1823 1337 supra

380 1378 415 1404 c.
450 1363 527 1412 15,
570 1363 625 1401 33
662 1360 762 1401 coll.
800 1360 990 1415 Philipp.
1021 1360 1053 1401 l.
1087 1361 1167 1413 c.)‚
1209 1360 1401 1415 profecto
1438 1374 1515 1401 neo
1545 1360 1712 1415 Appius
1747 1375 1825 1401 nec

378 1441 605 1495 quisquam
649 1437 910 1488 Clodianus,
954 1446 1199 1491 contempta
1240 1437 1321 1478 illa
1363 1436 1485 1492 lege,
1534 1439 1823 1490 auspiciorum

378 1517 676 1558 auctoritatem
704 1517 981 1571 oppositurus
1004 1523 1093 1555 erat
1117 1513 1332 1556 Fabricio.
1394 1514 1475 1564 Ita,
1504 1516 1708 1569 quidquid
1732 1524 1823 1556 ton—

378 1593 567 1642 tabssur,
599 1601 754 1647 praetor
784 1595 867 1632 iste
902 1601 1043 1633 certus
1074 1592 1128 1631 de
1162 1590 1283 1631 caelo
1315 1605 1493 1631 servans
1526 1591 1625 1631 hinc
1654 1591 1822 1632 alienus

379 1671 475 1711 erit.
537 1668 630 1710 Nec
667 1683 772 1709 sane
811 1670 856 1708 in
890 1670 969 1717 ijs,
1010 1682 1102 1722 quae
1142 1677 1380 1723 sequuntur
1421 1668 1472 1708 de
1513 1670 1823 1709 intercessione

378 1746 633 1795 tribunicia,
680 1759 809 1785 unum
853 1745 1042 1800 aliquem
1083 1743 1302 1784 tribunum
1335 1743 1578 1798 significat,
1618 1745 1694 1785 sed
1730 1746 1825 1785 uni-

378 1818 503 1864 verse
531 1817 735 1877 loquitur.
803 1823 964 1872 Vides,
1006 1836 1088 1877 quo
1130 1821 1220 1861 haec
1252 1821 1485 1874 disputatio
1514 1830 1692 1877 spectet.
1750 1820 1822 1862 Ci-

375 1915 474 1941 cero
504 1900 633 1950 dicit,
676 1901 714 1939 si
752 1901 846 1954 quis
881 1900 1115 1953 (neminem
1148 1913 1279 1939 uuum
1314 1897 1549 1953 signifieat)
1582 1901 1738 1940 usitato
1779 1908 1823 1940 et

375 1977 571 2032 legitimo
603 1978 909 2032 impedimento
941 1978 1212 2018 comitiorum
1244 1989 1348 2015 usus
1377 1984 1514 2025 esset,
1545 1991 1724 2032 gravem
1757 1977 1823 2017 su·-

376 2064 512 2095 turam
545 2055 705 2105 fuisse,
738 2054 810 2094 sed
845 2054 1116 2095 tolerabilem
1151 2053 1350 2109 plagamg
1397 2052 1437 2092 id
1470 2054 1821 2105 impedimentum

374 2132 539 2188 duplex
569 2141 686 2183 erat,
726 2141 772 2172 ut
813 2140 886 2172 aut
914 2141 1110 2172 servaret
1139 2131 1296 2185 aliquis
1324 2130 1376 2170 de
1408 2130 1556 2181 caelo,
1591 2132 1703 2185 quod
1734 2146 1822 2171 ma-

374 2212 630 2265 gistratuum
677 2211 887 2250 maiorum
929 2217 1045 2259 erat,
1090 2209 1253 2262 (itaque
1298 2216 1412 2248 recte
1463 2208 1669 2248 hactenus
1724 2207 1822 2249 hinc

375 2289 536 2327 eiectus
578 2295 643 2326 est
679 2286 732 2326 ab
764 2285 1001 2326 editoribus
1033 2285 1229 2325 tre'bmms
1257 2284 1432 2338 plebc’s,)
1468 2293 1541 2326 aut
1583 2286 1821 2326 intercede-

374 2372 506 2412 retur,
540 2364 650 2416 qumi
681 2361 965 2402 tribunorum.
1023 2361 1217 2417 Apparet
1246 2363 1393 2415 igitur,
1424 2360 1592 2403 infinite
1619 2362 1820 2402 debuisse

374 2440 480 2480 dici:
516 2437 570 2479 Si
598 2443 693 2494 quis
730 2438 1045 2487 obnuntiasset,
1088 2438 1236 2477 dicens
1279 2451 1325 2476 se
1365 2437 1419 2476 de
1459 2438 1578 2476 caelo
1611 2451 1819 2487 servasse,

372 2526 448 2557 aut
478 2515 674 2566 brevius,
705 2519 782 2569 qm·
809 2515 862 2554 de
895 2515 1014 2554 caelo
1049 2519 1274 2554 servasset.
1340 2513 1578 2553 Videamus
1619 2516 1703 2554 iam
1750 2530 1819 2556 co—

373 2595 504 2635 dices.
567 2593 650 2633 Pro
680 2596 718 2632 is
743 2597 925 2646 prcoler,
959 2592 1067 2645 quod
1102 2593 1141 2631 in
1177 2591 1267 2632 cod.
1300 2592 1344 2631 S.
1369 2590 1560 2653 Yictoris
1587 2600 1627 2630 et
1660 2590 1818 2632 Ber-nn.

373 2680 454 2721 est,
481 2671 572 2710 cod.
600 2670 721 2710 Paris
756 2673 793 2709 is
823 2667 921 2709 lre'b.
946 2668 1111 2722 plebe's;
1150 2678 1360 2717 neutrum,
1393 2669 1558 2721 opinor,
1595 2669 1636 2708 in
1673 2669 1817 2709 codice
1875 2690 1877 2692 ·

374 2748 605 2801 armet-ipo
637 2748 737 2796 suit,
770 2755 866 2796 aut,
899 2747 936 2785 si
970 2745 1076 2795 suit,
1113 2754 1234 2785 retus
1269 2754 1333 2786 ost
1364 2745 1668 2801 interpolatiO,
1697 2747 1816 2785 cuius

375 2824 638 2866 simillimam
667 2825 796 2866 aliam
831 2824 971 2865 statim
1017 2823 1245 2878 prosc-rmn-
1320 2822 1486 2864 Deinde
1530 2836 1574 2862 se
1615 2823 1815 2863 omittunt
