1981 3390
1456 208 1549 257 119

277 331 326 376 C.
352 333 396 386 8,
423 331 467 382 8,
497 328 572 371 ubi
601 327 835 370 edebatur:
866 339 1011 370 verum
1044 329 1176 367 etiam
1218 331 1268 367 nt
1296 328 1447 381 spoliis
1480 326 1613 370 Sexti

157 412 312 454 Roscia*
338 410 419 452 hoc
456 408 622 450 indicio
656 411 808 449 ornato·
842 410 1046 460 auctique
1086 404 1340 456 discedant,
1383 403 1610 446 Ernestius

157 502 217 531 ea:
249 497 350 531 ante
380 487 461 528 hoc
492 486 593 527 addi
626 484 827 534 volebat3
869 493 912 526 et
949 492 1015 525 est
1053 483 1136 525 hoc
1177 484 1363 533 rectius,
1405 484 1612 538 coniungi

155 563 373 608 haeo'cum
405 565 541 607 verbo
569 566 811 614 discedant,
846 577 975 620 quam
1008 571 1238 617 utrumque
1269 560 1510 602 ablativum
1548 563 1614 601 in·

154 644 378 685 commode
435 658 531 686 cum
584 645 825 700 participiis
878 642 1016 697 iungi.
1094 641 1260 681 Verum
1305 641 1350 680 in
1397 638 1611 681 Palatinis

155 722 376 764 codicibus
409 731 452 764 et
489 723 534 765 S.
568 722 762 764 Victoris
794 722 950 762 Roscia·
979 733 1064 760 non
1098 726 1178 760 est.
1236 718 1328 760 Iam
1363 732 1494 774 quum
1522 717 1613 759 haec

155 802 212 842 sit
239 801 437 842 codicum
467 800 599 842 lectio
634 803 753 856 (nam
786 800 898 841 alios
927 799 1018 840 illis
1049 799 1294 839 consentire
1327 811 1413 838 non
1444 805 1509 838 est
1537 797 1614 837 du-

156 877 304 930 bium,
338 894 468 935 quum
499 881 543 919 in
573 877 884 919 omissionibus
917 875 1231 917 vocabulorum
1265 876 1466 916 notandis
1499 888 1615 916 sum·

153 969 225 997 ma
259 957 388 997 fuerit
410 955 682 1010 negligentia
706 953 1014 1010 superiorum,)
1041 953 1194 1007 spoliis
1227 949 1336 993 Sex.
1354 951 1448 1003 hoc,
1482 966 1614 1007 appa·

153 1042 246 1084 ret,
277 1047 364 1074 non
392 1047 549 1075 nomen
591 1032 860 1083 addendum,
892 1031 969 1073 sed
1003 1045 1134 1073 unam
1165 1030 1364 1082 literam,
1398 1029 1512 1071 male
1545 1045 1613 1071 re-

151 1111 734 1167 petitam,-detrahendam,
780 1119 828 1151 ut
860 1111 917 1151 sit
945 1111 1098 1165 spoliis
1132 1122 1192 1151 esc
1223 1108 1327 1157 Ιιοσς
1375 1112 1517 1164 aptius
1549 1117 1616 1150 est

153 1191 285 1231 etiam
316 1198 494 1246 propter
541 1191 757 1232 contrarie
795 1189 936 1231 relata
976 1189 1060 1230 hoc
1097 1189 1339 1245 generatim
1380 1188 1467 1229 dici
1507 1188 1614 1239 (uon

155 1267 277 1308 modo
321 1273 372 1309 ut
412 1268 630 1322 supplicia
660 1271 828 1319 vitent,
854 1291 911 1302 -
943 1280 1089 1310 verum
1123 1271 1254 1308 etiam
1282 1273 1333 1308 nt
1362 1267 1514 1321 spoliis
1543 1280 1613 1307 or-

155 1349 256 1387 nati
282 1350 488 1401 auctique
521 1345 786 1400 discedant).

274 1423 325 1464 C.
355 1426 397 1474 ¹7,
425 1425 495 1464 20.
556 1423 630 1465 Ne
660 1425 826 1465 diutius
860 1437 935 1465 vos
967 1428 1150 1464 teneam.
1214 1423 1459 1464 Pronomen
1491 1423 1614 1464 codd.

153 1500 266 1543 Pan.
307 1509 352 1542 et
383 1501 429 1543 S.
459 1501 654 1543 Victoris
686 1504 915 1551 omittunt;
959 1502 1074 1543 idem
1106 1503 1295 1557 quinque
1332 1500 1615 1542 Oxonienses

154 1582 341 1635 (septem
375 1584 491 1633 sunt)
538 1580 776 1622 excludere
808 1581 1063 1630 adnotatur,
1107 1588 1154 1620 ut
1192 1581 1379 1621 fortasse
1412 1580 1458 1619 in
1491 1578 1614 1619 nullo

155 1659 226 1699 sit.
298 1658 354 1698 Et
383 1659 536 1700 eodem
565 1658 692 1700 modo
724 1659 896 1701 locutus
930 1667 996 1700 est
1024 1657 1125 1700 Lib.
1156 1658 1176 1699 I
1205 1660 1251 1699 in
1282 1658 1411 1700 Verr.
1441 1660 1510 1709 13,
1541 1659 1610 1698 34.

155 1735 206 1777 In
236 1736 371 1778 simili
403 1736 624 1779 locutione
664 1737 771 1779 Non
813 1737 1045 1779 obtundam
1091 1737 1256 1778 diutius
1298 1739 1341 1778 in
1374 1736 1501 1779 Verr.
1534 1735 1615 1782 lv,

153 1816 234 1866 49,
273 1817 357 1857 109
389 1830 476 1857 non
507 1830 611 1868 vos,
651 1817 728 1858 sed
761 1830 892 1858 aures
919 1822 1089 1858 vestras
1122 1816 1394 1865 addiderunt.
1458 1816 1614 1872 (Epist.

156 1895 250 1935 crit.
283 1894 338 1935 ad
369 1893 509 1936 Orell.
539 1895 593 1936 de
625 1904 751 1937 oratt.
783 1895 913 1937 Verr.
947 1909 990 1950 p.
1021 1897 1110 1946 32.)

277 1970 327 2011 C.
358 1973 428 2022 11,
455 1973 526 2012 32.
583 1973 828 2014 Edebatur:
861 1976 1049 2013 ett'mnne
1078 1972 1139 2012 ted
1155 1970 1363 2011 subsellia
1381 1968 1615 2019 cumserro

159 2053 292 2103 atque
323 2049 425 2089 telis·
466 2053 673 2100 venistis,
719 2055 769 2090 ut
801 2049 873 2091 ln‘c
905 2055 985 2090 aut
1010 2050 1219 2104 iuguletis
1251 2054 1328 2089 aut
1361 2048 1612 2088 condemne-

158 2131 216 2167 tis
246 2125 355 2167 Sex.
389 2127 631 2168 Roscium?
674 2127 844 2168 Nomen
879 2129 1104 2183 proprium
1140 2126 1326 2178 sustuli,
1359 2135 1407 2168 ut
1436 2127 1614 2168 Lambi-

155 2218 236 2245 nus
279 2205 422 2246 facere
464 2205 659 2246 voluisse
701 2206 889 2247 videtur.
963 2205 1240 2261 Ineptissime
1281 2206 1397 2246 enim
1429 2205 1615 2257 additur,

158 2296 289 2338 quum
321 2296 409 2323 non
443 2297 503 2324 ex
535 2285 721 2324 oratoris
750 2297 952 2340 persona,
987 2284 1062 2324 sed
1088 2297 1148 2324 ex
1175 2285 1312 2338 ipsius
1345 2282 1494 2324 Roscii
1525 2283 1616 2326 haec

156 2361 369 2403 dicantur.
426 2360 635 2403 Additum
649 2370 730 2412 est,
765 2376 896 2418 quum
911 2362 1063 2403 deesse
1080 2363 1354 2403 accusativus
1378 2363 1614 2414 videretur,

160 2440 312 2496 quiex
337 2440 636 2496 superioribus
661 2440 975 2497 intelligendus
1003 2449 1081 2482 est.
1145 2440 1360 2482 Fraudem
1388 2440 1461 2482 vel
1492 2441 1615 2483 locus

158 2519 327 2574 arguit3
368 2517 522 2560 Cicero
565 2534 652 2561 non
694 2529 895 2562 extremo
940 2520 1036 2562 loco
1080 2529 1178 2575 post
1212 2519 1348 2561 verba
1379 2522 1611 2576 posuisset.

155 2595 322 2638 Eodem
359 2598 486 2639 modo
513 2612 670 2640 nomen
707 2602 931 2655 proprium
963 2599 1274 2655 expellendum
1312 2609 1428 2651 erat,
1474 2608 1521 2639 nt
1554 2601 1612 2639 vi-

158 2674 281 2716 derat
310 2677 399 2717 iam
427 2675 729 2729 Hotomanus,
773 2680 853 2730 39,
885 2680 966 2720 115
996 2681 1041 2720 in
1070 2677 1216 2720 verbis
1240 2677 1420 2733 publice
1454 2677 1612 2718 Roscio

158 2755 389 2797 mandatus
429 2761 518 2805 θείς
564 2757 711 2799 turbat
750 2756 944 2800 membra
986 2759 1210 2814 opposita3
1265 2771 1363 2797 nam
1405 2756 1457 2796 ad
1503 2753 1612 2796 Sem.

161 2831 346 2874 Roscius
371 2835 599 2878 mandavit
621 2837 808 2880 refertur
842 2851 869 2880 α
895 2835 1203 2881 decurionibus
1230 2834 1404 2889 publice
1436 2834 1612 2875 manda-
