1981 3390
447 224 540 273 184

379 352 476 386 tert.
495 351 537 385 et
555 351 642 384 tres
661 343 789 384 Oxx.
811 356 946 385 cansa
964 344 1082 384 clare
1097 347 1311 391 eervava·t;
1348 343 1429 384 hoc
1455 350 1598 384 autem
1621 342 1731 384 nihil
1757 354 1824 385 est

379 421 497 463 aliud
521 434 646 476 quam
670 420 781 474 quod
806 433 862 460 ex
874 419 1046 474 Pal.p1·.
1059 420 1404 472 etOx.u1edidi.:
1439 433 1571 460 cansa
1593 420 1700 460 clam
1715 420 1821 475 (cla)

379 500 631 539 reservavit.
710 496 920 537 Similiter
952 504 1124 536 veteres
1153 497 1380 537 editiones.
1449 497 1588 538 Causa
1615 500 1821 548 servavit,

380 575 492 630 quod
528 587 588 613 ex
620 572 778 612 Orellii
813 580 914 612 nota
955 581 1079 626 putes
1118 574 1163 613 in
1199 573 1416 614 codicibus
1450 588 1571 625 esse,
1612 586 1824 628 nusquam

381 660 470 698 est3
523 649 634 703 quod
675 646 864 687 Beckius
905 648 949 699 (a
989 663 1071 702 quo
1110 651 1343 690 etiamnum
1383 651 1582 691 nonnulli
1617 651 1823 704 pendent)

382 728 539 781 partini
574 738 732 774 causa,
779 725 938 778 partim
968 725 1136 778 quidem
1167 727 1213 765 in
1245 726 1466 766 nonnullis
1493 727 1712 769 codicibus
1743 726 1827 767 Pa-

382 803 531 844 latinis
563 810 606 841 et
639 800 762 842 Oxx.
796 803 937 842 omitti
968 801 1132 852 scribit,
1161 801 1291 856 plane
1324 803 1485 852 nescio,
1514 803 1627 843 unde
1649 805 1693 843 in
1711 803 1826 845 cala-

383 894 502 922 mum
539 879 732 925 venerit3
776 892 952 932 prorsus
998 880 1114 919 enim
1153 878 1263 920 nihil
1304 879 1357 919 de
1399 881 1496 920 istis
1540 878 1722 920 vocibus
1768 892 1828 920 ex

385 955 604 998 codicibus
636 955 885 996 adnotatum
917 964 981 995 cst
1003 955 1056 1008 l).

504 1033 592 1075 Sed
617 1033 712 1072 dixi
727 1034 828 1082 iam,
860 1033 906 1072 in
935 1032 1015 1072 hac
1038 1034 1248 1083 oratione,
1268 1033 1460 1073 codicum
1489 1032 1659 1074 auxilio
1675 1046 1828 1088 parum

385 1109 641 1160 sufficiente,
672 1110 919 1150 coniectura
950 1109 1142 1150 tollenda
1170 1123 1265 1150 esse
1295 1111 1537 1150 inveterata
1566 1110 1746 1160 menda,
1783 1111 1828 1150 in

385 1201 599 1229 consensu
632 1187 826 1227 codicum
865 1186 1059 1227 latentia.
1134 1186 1285 1240 Itaque
1326 1186 1490 1226 nullam
1526 1200 1699 1226 causam
1732 1200 1828 1227 esse

385 1266 539 1314 video,
584 1279 658 1304 cur
692 1264 762 1304 hic
805 1277 891 1302 non
925 1277 1145 1317 exponam
1189 1263 1241 1302 de
1273 1261 1440 1302 duobus
1472 1261 1608 1312 locis,
1652 1264 1698 1302 in
1739 1264 1831 1317 qui-

383 1341 465 1381 bus
500 1348 596 1395 post
624 1339 745 1379 illam
787 1339 1020 1379 editionem
1060 1354 1146 1380 non
1184 1341 1349 1379 incerta
1379 1340 1571 1394 quaedam
1605 1338 1832 1390 dubitatio,

386 1418 462 1459 sed
497 1416 726 1458 manifesto
761 1416 963 1470 deprensi
995 1416 1139 1456 mendi
1173 1417 1416 1457 emendatio
1445 1429 1492 1456 se
1523 1416 1630 1456 mihi
1658 1416 1829 1457 obtulit.

508 1494 700 1534 Primum
747 1507 782 1533 c.
820 1493 901 1543 35,
941 1495 996 1534 97
1038 1507 1149 1533 nunc
1193 1507 1279 1533 non
1321 1492 1526 1533 dubitabo
1566 1493 1830 1535 rescribere:

386 1570 592 1612 Etiamne
623 1575 669 1610 in
698 1575 784 1610 tam
815 1573 1062 1624 perspicuis
1097 1569 1223 1609 rebus
1253 1573 1570 1622 argumentatio
1600 1570 1831 1624 quaerenda

387 1653 465 1689 ant
495 1651 743 1687 contectura
776 1647 989 1700 capienda
1022 1647 1116 1686 est?
1167 1645 1242 1685 ubi
1282 1645 1416 1700 vulgo
1450 1646 1589 1686 editur
1619 1647 1832 1701 capienda

387 1729 468 1774 sit,
513 1725 634 1764 cuius
668 1707 933 1764 coniunctixii
974 1725 1019 1763 in
1053 1723 1132 1764 hac
1171 1724 1512 1777 interrogatione
1549 1722 1672 1764 nulla
1710 1724 1833 1765 reddi

387 1804 498 1843 ratio
531 1809 686 1858 potest.
762 1799 950 1840 Infinitis
980 1800 1088 1841 locis
1120 1808 1247 1840 vetus
1286 1798 1503 1844 scribendi
1546 1799 1698 1839 modus
1736 1801 1830 1850 (ca-

382 1878 606 1932 pa'emlast)
649 1891 838 1918 errorem
878 1880 1061 1933 peperit.
1131 1876 1267 1917 Velut
1311 1874 1399 1915 Cic.
1445 1875 1497 1916 de
1543 1874 1662 1931 legg.
1694 1876 1728 1928 l,
1762 1879 1831 1928 18,

385 1957 442 1994 49
481 1954 643 1994 editur:
687 1957 874 1993 societas
906 1968 1072 2009 qaoque
1112 1953 1326 1993 hominum
1363 1958 1407 1992 et
1434 1953 1664 2006 oequccle'las
1694 1959 1740 1994 et
1766 1958 1833 1995 iu-

386 2035 510 2071 Μαῖα
533 2044 618 2084 per
646 2044 691 2070 se
721 2032 977 2084 expetenda,
1011 2031 1116 2071 dura
1135 2028 1256 2070 verbi
1274 2029 1532 2078 omissione3
1566 2029 1641 2069 sed
1659 2030 1829 2071 codices

387 2109 479 2148 fere
492 2107 673 2148 habent:
696 2098 942 2161 elzpelenda
957 2112 1054 2148 smel
1066 2121 1079 2154 ,·
1111 2106 1154 2146 id
1168 2107 1211 2145 in
1225 2107 1439 2146 communi
1453 2105 1627 2146 illorum
1639 2107 1833 2149 codicum

387 2185 506 2226 fonte
541 2193 681 2225 ortum
712 2193 776 2224 est
809 2199 868 2225 ex
904 2184 1216 2238 expelendast,
1255 2182 1612 2237 quemadmodum
1645 2185 1688 2224 in
1715 2173 1829 2225 orat.

386 2273 466 2312 pro
499 2260 610 2298 Sest.
640 2262 707 2308 48,
750 2262 831 2298 102
864 2275 920 2299 ex
953 2264 1170 2300 insciliam
1211 2262 1253 2298 in
1288 2258 1386 2299 aliis
1425 2259 1643 2299 codicibus
1671 2260 1831 2301 factum

389 2344 454 2375 est
486 2339 664 2375 inscitia
694 2339 763 2384 sit,
795 2337 838 2375 in
875 2335 974 2375 aliis
1009 2338 1185 2374 inscitia
1218 2339 1330 2373 sunt.

508 2410 726 2466 Insignior
758 2411 894 2451 altera
930 2420 995 2451 est
1030 2411 1286 2451 emendatio.
1345 2408 1456 2450 Nam
1489 2424 1523 2450 c.
1555 2412 1623 2461 43,
1657 2412 1738 2451 124
1768 2411 1830 2453 le-

389 2490 504 2543 gitur
537 2488 695 2541 vulgo:
767 2488 898 2528 Venio
933 2501 1046 2528 mmo
1077 2488 1135 2527 ad
1164 2487 1277 2527 illud
1305 2500 1454 2527 nomen
1487 2501 1661 2528 meream
1701 2487 1831 2542 Chry-

388 2568 554 2618 sogom',
584 2563 658 2604 sab
692 2578 772 2618 quo
807 2569 975 2605 nomine
1006 2571 1097 2604 ΙοΙιι
1124 2568 1308 2603 soce'elccs
1340 2568 1559 2604 slalm'lur.
1625 2565 1709 2606 Sed
1743 2571 1831 2606 sla-

388 2648 509 2682 lnere
543 2645 790 2682 societatem
835 2656 913 2682 nec
955 2643 1095 2696 ipsum
1136 2641 1292 2681 Latine
1334 2641 1489 2681 dicitur
1530 2654 1609 2680 nec
1643 2645 1833 2682 statuere

412 2749 450 2790 ¹)
477 2747 679 2782 Steinmetz
705 2759 823 2793 nequo
849 2749 893 2781 dc
919 2747 993 2782 suis
1024 2756 1143 2791 neque
1160 2747 1204 2779 dc
1231 2745 1395 2780 aliorum
1427 2747 1614 2780 codicibus
1632 2746 1833 2791 quidquam

480 2806 577 2841 «licit.
620 2808 690 2842 Sea
717 2808 805 2844 sutis
832 2811 950 2843 multa
975 2808 1051 2842 haec
1080 2809 1166 2841 eunt
1191 2806 1294 2842 illius
1319 2807 1513 2851 pravitatis
1541 2807 1721 2850 exempla.
