1981 3390
388 254 486 301 326

318 372 500 426 peritia,
534 385 619 412 non
649 372 818 427 putavit
837 374 898 427 ¹).
959 372 1156 415 Similem
1184 387 1328 415 casum
1358 387 1442 414 non
1471 387 1646 429 possum
1676 388 1763 415 non

317 450 528 503 suspicari
559 449 767 490 accidisse
806 451 850 489 in
882 449 980 490 libr.
1012 450 1070 501 V,
1096 452 1149 501 5,
1190 453 1240 491 11
1277 451 1382 506 (vid.
1426 465 1492 506 ep.
1533 452 1585 492 ad
1621 450 1761 492 Orell.

315 538 362 579 p.
390 526 462 578 89)
496 534 538 566 et
567 525 657 576 ΙΙΙ,
685 528 765 576 28,
796 528 852 566 69
883 526 990 576 (ibd.
1018 541 1060 581 p.
1091 529 1182 577 91),
1216 542 1396 583 quorum
1429 528 1622 568 locorum
1655 527 1765 568 alte-

319 615 414 641 rum
448 602 500 642 de
531 603 776 642 coniectura
805 603 1010 650 mutavit,
1045 600 1246 644 obstante
1274 606 1403 645 etiam
1436 606 1641 646 Vaticani
1672 606 1765 646 cod.

321 691 436 718 nova
481 680 736 719 auctoritate
779 685 821 718 et
868 691 950 720 usu
991 680 1226 726 sermonis3
1268 694 1367 721 nam
1413 694 1537 735 qnam
1575 697 1662 722 rem
1705 684 1767 723 ita

323 753 596 808 adiungitur,
635 769 685 795 ac
716 755 755 795 si
797 753 984 795 formula
1016 756 1094 796 sit:
1139 756 1346 796 adversus
1390 758 1572 799 edictum
1604 758 1769 808 facere

322 831 507 884 aliquid,
542 845 671 886 quum
703 832 869 872 dicatur
894 831 1115 874 absolute:
1148 833 1354 873 adversus·
1387 834 1570 874 edictum
1589 834 1769 885 facere,

322 915 371 946 ut
400 907 499 948 addi
526 908 709 959 debeat,
749 909 1107 964 quemadmodum
1142 918 1207 950 est
1234 911 1278 950 in
1312 911 1458 960 codd„
1501 920 1575 952 aut
1614 911 1770 952 ablati-

323 998 405 1025 vus
434 993 509 1026 aut
536 986 800 1040 praepositio.
860 985 931 1026 Ex
963 987 1045 1037 iis,
1092 1000 1184 1041 quae
1225 988 1269 1026 in
1308 987 1570 1028 Asconianis
1613 990 1772 1029 nostris

325 1062 466 1101 serius
509 1062 562 1102 ad
603 1076 701 1103 eum
733 1062 912 1117 perlatis
951 1063 1003 1102 de
1034 1062 1142 1103 locis
1176 1063 1341 1118 aliquot
1372 1064 1580 1109 librorum
1612 1067 1771 1121 primo-

323 1151 420 1178 rum
452 1139 670 1192 disputata
701 1147 824 1190 sunt,
870 1153 1000 1194 quum
1029 1140 1084 1179 iis
1117 1138 1376 1191 abstineret,
1418 1156 1510 1196 quae
1544 1157 1567 1183 a
1598 1157 1677 1183 sua
1705 1157 1774 1184 ra·

326 1216 443 1256 tione
474 1225 517 1256 et
543 1217 702 1257 iudicio
732 1217 784 1256 de
814 1215 1020 1256 subsidiis
1053 1217 1214 1256 criticis
1251 1218 1544 1271 discreparent
1585 1227 1659 1259 aut
1697 1233 1774 1260 no·

329 1305 428 1332 vam
460 1293 796 1348 disputationem
828 1294 1112 1348 requirerent,
1145 1301 1302 1343 tamen,
1335 1296 1537 1349 quoniam
1565 1294 1773 1336 nonnulla

328 1371 577 1424 excerpsit,
615 1372 762 1410 nescio
799 1384 874 1410 cur
916 1369 1003 1410 alia
1046 1372 1177 1412 etiam
1221 1372 1265 1411 in
1297 1371 1532 1426 appendice
1564 1374 1773 1422 omiserit,

328 1460 422 1500 quae
467 1446 521 1487 ad
559 1447 696 1502 ipsius
729 1447 1051 1488 adnotationem
1092 1446 1428 1489 confirmandam
1462 1457 1536 1488 aut
1571 1448 1776 1504 supplen-

328 1524 425 1564 dam
465 1532 540 1564 aut
582 1525 883 1579 corrigendam
909 1523 1199 1579 pertinebant.
1276 1525 1412 1566 Yelut
1456 1525 1567 1579 quod
1605 1523 1702 1565 Lib.
1738 1525 1774 1576 I,

329 1600 409 1649 15,
460 1601 516 1639 39
561 1614 640 1654 pro
684 1614 770 1641 non
817 1602 939 1641 modo
980 1614 1065 1641 non,
1111 1604 1264 1641 existi!
1314 1603 1603 1642 coniecturam
1651 1616 1774 1642 suam

330 1684 503 1717 secutus
534 1690 637 1716 vere
669 1677 802 1717 edidit
831 1691 914 1718 uon
944 1678 1065 1718 modo
1095 1682 1271 1727 existit,
1303 1678 1483 1718 eandem
1516 1693 1600 1733 ego
1632 1693 1777 1719 emen-

331 1753 549 1794 dationem
581 1755 827 1795 coniectura
859 1770 884 1795 a
914 1769 981 1795 me
1011 1763 1225 1809 repertam
1257 1756 1301 1795 in
1319 1755 1520 1810 disputat.
1542 1756 1594 1796 de
1614 1755 1776 1796 Ascon.

331 1844 374 1885 p.
403 1831 459 1870 45
487 1817 582 1871 not..
606 1832 777 1871 ostendi
810 1831 1058 1872 confirmari
1081 1846 1104 1871 a
1121 1834 1258 1884 prima
1279 1840 1320 1873 et
1337 1833 1581 1885 incorrupta
1597 1832 1777 1874 Asconii

333 1908 550 1958 editione,
594 1909 662 1947 cui
695 1910 941 1949 auctoritati
980 1910 1067 1949 iam
1107 1909 1216 1949 addo
1257 1909 1517 1963 Augustini,
1561 1912 1632 1964 qui
1664 1910 1777 1951 hunc

332 1984 476 2025 locum
508 1993 624 2025 recte
655 1988 861 2041 scriptum
892 1988 994 2027 citat
1025 1987 1076 2026 dc
1108 1984 1202 2027 Civ.
1222 1985 1307 2026 Dei
1338 1985 1415 2027 lib.
1435 1988 1502 2036 19,
1535 1988 1576 2037 5,
1609 1995 1776 2027 tantum

359 2116 395 2157 1)
422 2116 463 2148 In
492 2119 708 2148 transcursu
743 2114 919 2149 Arusiani
952 2114 1066 2149 Messi
1103 2116 1352 2150 Grammatici
1386 2117 1490 2150 loeus
1527 2117 1778 2150 emendandus

428 2180 503 2216 cst,
545 2175 607 2219 qui
640 2175 677 2207 in
714 2176 798 2208 edit.
833 2175 1081 2210 Lindemanni
1118 2177 1249 2221 (Corp.
1285 2177 1452 2209 Gramm.
1478 2177 1558 2210 Lat.
1586 2177 1618 2218 l)
1651 2189 1685 2221 p.
1712 2175 1781 2210 2⁸8

425 2236 479 2268 ita
512 2235 707 2268 scribitur:
755 2235 887 2269 ”Mille
922 2236 1106 2270 librarum
1140 2242 1270 2270 mutuo
1306 2238 1419 2270 dedit.
1446 2238 1601 2272 Terent.
1629 2238 1779 2270 Hcautz

432 2295 500 2327 Cui
533 2295 786 2328 drachmarum
825 2296 901 2328 leaec
935 2297 1084 2340 argenti
1113 2298 1211 2330 mille
1246 2298 1395 2330 dederat
1430 2301 1561 2329 mutuo.
1630 2297 1706 2330 Cic.
1734 2296 1780 2328 de

425 2355 579 2388 Proetur.
608 2355 772 2388 urbam:
817 2355 938 2388 Verris
972 2360 1008 2388 et
1043 2368 1112 2388 uno
1141 2358 1257 2389 minus
1286 2361 1375 2389 teste
1401 2356 1547 2388 haberet
1572 2356 1615 2388 ab
1641 2356 1780 2388 Ῐιοηιο.”

430 2414 619 2448 Ciceronis
646 2414 793 2455 locum,
828 2426 938 2458 quem
973 2415 1130 2448 editores
1166 2427 1238 2448 non
1270 2415 1513 2456 invenerunt,
1554 2421 1655 2460 patet
1681 2417 1781 2450 hunc

432 2485 523 2516 csse,
537 2485 608 2518 quo
620 2474 664 2506 do
677 2474 837 2519 agimus,
855 2486 983 2508 verum
1000 2476 1044 2508 ad
1058 2475 1161 2508 iliani
1176 2476 1437 2517 elocutionem,
1451 2475 1554 2509 cuius
1567 2478 1779 2521 exempium

428 2535 602 2580 ponitur,
641 2546 712 2567 non
744 2534 940 2578 pcrtincrc.
1016 2534 1087 2567 Sed
1118 2535 1151 2567 in
1189 2537 1268 2569 cod.
1305 2537 1431 2569 Guelf.
1470 2542 1555 2570 ante
1590 2542 1665 2570 est:
1706 2538 1782 2570 lucc

431 2595 580 2640 argenti
603 2595 719 2628 minus
743 2595 849 2627 habet
874 2606 954 2627 uno.
1005 2595 1155 2629 Coaluit
1179 2596 1314 2640 duplex
1341 2597 1524 2638 ciocu1i03
1552 2599 1672 2632 alteru
1697 2611 1782 2632 cum

429 2657 598 2701 exemplo
623 2667 689 2690 suo
711 2656 788 2689 hoec
806 2659 880 2689 cst:
907 2656 1032 2689 Minus
1048 2657 1161 2689 habet
1185 2668 1268 2689 uno.
1320 2657 1394 2690 cio.
1415 2658 1459 2690 de
1475 2658 1630 2691 Praetur.
1648 2660 1780 2693 urban.

431 2716 580 2750 Verris:
629 2715 675 2750 Ul
707 2727 776 2749 uno
807 2717 922 2749 vuinus
961 2722 1050 2751 teste
1084 2718 1232 2750 haberet
1263 2717 1436 2750 Habonio.
1488 2718 1597 2761 (llaec
1622 2719 1782 2754 nominis

433 2779 556 2812 forma
591 2780 628 2812 ot
663 2776 749 2812 hinc
787 2777 1026 2813 confirmatur
1064 2782 1100 2812 ct
1129 2789 1170 2814 cx
1196 2778 1343 2813 Asconii
1371 2778 1455 2813 edit.
1485 2778 1651 2825 principe
1677 2780 1723 2814 nd
1752 2779 1780 2822 1,

431 2837 495 2877 51,
524 2837 624 2880 111.)
