1981 3390
436 263 530 315 160

367 385 459 431 ulla
489 383 598 430 Vari
636 390 680 425 et
724 381 993 438 quorundam
1032 380 1218 425 aliorum
1257 392 1354 424 esse
1395 379 1566 436 potest}
1622 377 1724 424 Non
1750 388 1816 422 est

367 472 512 507 autem
552 461 644 503 haec
680 460 911 516 gloriatio,
953 461 1030 502 sed
1072 459 1202 517 plane
1253 472 1386 501 sensu
1428 466 1626 501 carentes
1669 471 1819 515 nugae:

367 540 585 585 Prohibiti
614 552 763 580 sumus
789 552 842 579 ea
869 539 1118 593 provincia,
1150 552 1280 594 quam
1314 536 1478 579 Caesari
1504 537 1706 579 tradituri
1734 536 1820 578 fui-

368 634 489 671 mus,
519 618 692 660 etiamsi
717 637 775 648 -
811 614 1021 668 prohibiti
1061 629 1255 656 essemus
1295 615 1369 667 (ea
1387 619 1649 670 provincia,⁸
1682 614 1735 656 de
1768 628 1822 655 ea

369 700 483 741 enim
515 693 808 752 prohibitione
839 693 1108 748 disputatur-3
1158 693 1235 734 sed
1277 694 1428 734 eadem
1471 707 1520 734 ac
1557 693 1650 735 fere
1682 693 1821 735 maior

368 776 418 818 fit
443 773 732 830 perversitas,
777 772 816 811 si
845 769 1100 825 intelligas,
1125 769 1344 824 prohibiti
1370 771 1546 811 tradere
1562 772 1618 822 1).
1694 769 1822 812 Nihil

371 853 440 895 illi
469 851 650 908 gloriari
679 857 906 905 poterant,
956 849 1042 888 nisi
1087 848 1188 903 quid
1219 848 1375 889 facturi
1408 848 1621 899 fuissent,
1666 849 1705 889 si
1737 862 1824 890 non

368 929 580 988 prohibiti
619 935 778 968 essent.
843 925 1011 968 Verum
1054 935 1199 967 tamen
1232 925 1348 967 falsa
1377 934 1444 966 est
1481 925 1682 978 illorum,
1716 940 1825 982 quos

369 1008 634 1056 memoravi,
687 1006 885 1046 mutatio.
974 1003 1087 1046 Nam
1135 1017 1290 1059 quum,
1342 1012 1390 1044 ut
1423 1004 1544 1055 dixi,
1594 1004 1824 1060 Ligarium

369 1087 628 1130 Tuberones
660 1090 928 1134 accusarent,
950 1082 1178 1123 dicendum
1213 1089 1305 1123 erat
1335 1095 1389 1122 ex
1420 1096 1571 1123 eorum
1604 1083 1823 1124 sententia

369 1169 460 1209 nisi
485 1178 513 1206 a
545 1164 747 1218 Ligario.
822 1162 1041 1203 Praeterea
1080 1162 1125 1200 in
1166 1160 1247 1201 hac
1286 1161 1455 1201 ratione
1491 1159 1614 1201 nulla
1643 1161 1821 1202 omnino

369 1252 438 1286 est
476 1242 694 1285 connexio
734 1239 863 1281 huius
903 1247 947 1280 et
987 1239 1200 1293 proximae
1240 1239 1487 1278 sententiae:
1547 1236 1646 1291 Ego
1680 1243 1824 1278 autem

373 1319 627 1371 confitebor,
659 1333 753 1369 nec,
785 1330 880 1372 quae
913 1317 971 1356 sit
999 1317 1084 1356 ista
1111 1315 1327 1356 confessio
1357 1315 1409 1354 de
1432 1314 1630 1369 Ligario,
1659 1313 1824 1355 intelli-

374 1402 515 1457 gitur,
557 1411 689 1453 quum
725 1396 874 1438 Varus
919 1401 961 1434 et
993 1392 1072 1434 alii
1105 1394 1296 1435 accusati
1329 1401 1489 1433 essent.
1548 1392 1634 1433 Sed
1665 1393 1828 1433 verita·

370 1481 427 1521 tis
456 1475 772 1532 investigandae
805 1474 922 1515 viam
953 1472 1122 1513 codices
1157 1479 1413 1512 monstrant.
1476 1468 1590 1512 Nam
1625 1484 1684 1511 ex
1716 1471 1827 1526 opti-

373 1560 456 1601 mis
486 1554 755 1598 Erfurtensis
791 1559 834 1593 et
865 1550 1153 1601 Dresdensis,
1194 1563 1254 1591 ex
1284 1547 1573 1590 deterioribus
1602 1548 1829 1589 Haunien-

374 1641 434 1680 sis
486 1634 855 1686 Oxoniensesque
907 1637 1109 1684 quattuor
1155 1642 1232 1683 pro
1273 1633 1416 1669 autem
1462 1625 1625 1668 habent
1657 1631 1825 1674 tamen,-

373 1730 454 1758 nec
484 1711 659 1755 aliunde
694 1718 835 1750 ortum
874 1716 940 1762 est
971 1713 1086 1757 lma,
1128 1706 1241 1761 quod
1279 1704 1442 1760 legitur
1483 1705 1528 1745 in
1564 1702 1733 1744 duobus
1767 1717 1827 1744 ex

375 1794 574 1851 optimis,
608 1788 848 1831 Pithoeano
889 1793 932 1826 et
973 1784 1066 1825 cod.
1101 1783 1339 1840 Stephani3
1379 1783 1562 1839 (quinti,
1592 1780 1830 1822 Colonien-

374 1874 460 1924 sis,
498 1866 713 1924 scriptura
756 1872 906 1905 notata
943 1877 1030 1904 non
1072 1865 1169 1913 est).
1242 1862 1351 1903 Eam
1384 1859 1644 1917 particulam
1675 1859 1831 1900 referri

372 1959 494 2009 patet
520 1949 574 1990 ad
602 1945 800 2000 superius
822 1941 930 1983 illud
949 1943 1135 1982 etiamsi.
1199 1938 1434 1996 Itaqueibi
1458 1952 1582 1979 novae
1603 1938 1830 1979 sententiae

373 2032 547 2073 initium
577 2033 656 2067 est.
717 2021 844 2063 Adeo
877 2035 924 2061 se
959 2033 1056 2060 eam
1087 2017 1395 2074 gloriationem
1417 2031 1503 2058 non
1521 2018 1830 2072 pertimescere

376 2111 438 2151 ait
471 2106 568 2159 (cfr.
600 2106 654 2154 S,
683 2102 770 2152 23),
794 2108 866 2150 ut,
901 2099 1074 2140 etiamsi
1106 2096 1276 2153 culpam
1305 2095 1625 2151 prohibitorum
1655 2095 1833 2151 provin·

376 2185 443 2226 cia
460 2180 745 2223 Tuberonum
776 2194 802 2220 a
830 2178 1010 2234 Ligario
1035 2190 1263 2218 removere
1290 2176 1442 2229 possit,
1476 2172 1675 2215 confiteri
1693 2171 1831 2214 malit.

378 2261 532 2315 Itaque
562 2273 608 2299 re
638 2272 741 2297 vera
770 2271 796 2297 a
825 2257 946 2298 Varo
980 2264 1022 2296 et
1052 2255 1151 2296 aliis
1181 2253 1383 2296 exclusos
1409 2267 1484 2294 eos
1516 2266 1637 2304 esse,
1664 2249 1833 2308 signifi-

402 2412 441 2456 1)
468 2409 545 2445 Nec
566 2405 762 2451 prohibere
785 2406 839 2437 est
864 2401 1131 2447 impedimenta
1158 2400 1285 2445 aliqua
1311 2399 1476 2434 obiicere
1492 2397 1559 2441 rei,
1584 2397 1638 2433 ita
1654 2401 1695 2432 ut
1708 2401 1835 2433 tamen

469 2471 560 2511 fiat,
600 2478 646 2502 nc
683 2465 764 2510 quis
799 2463 905 2498 nobis
939 2463 1036 2497 hanc
1071 2461 1246 2496 conficiat
1269 2460 1638 2506 interpretationem,
1672 2459 1835 2506 gloriari

470 2528 736 2566 Tuber-onibus
765 2525 905 2566 licere,
939 2535 1001 2565 se,
1041 2522 1073 2557 si
1098 2522 1248 2556 admissi
1275 2528 1395 2556 essent
1420 2533 1442 2556 a
1465 2521 1645 2567 Ligario,
1672 2521 1835 2556 traditu-

470 2604 533 2628 ros
561 2589 696 2625 Caesari
721 2585 954 2632 provinciam
979 2584 1106 2626 fuisse,
1134 2583 1279 2618 etiamsi
1305 2587 1576 2629 repugnassent
1599 2587 1728 2628 postea
1754 2583 1834 2618 alii.

471 2654 546 2689 Sed
572 2650 723 2687 omnino
749 2649 794 2682 dc
819 2659 893 2682 uno
920 2647 988 2681 illo
1014 2650 1182 2691 tempore
1207 2645 1466 2691 querebatur,
1503 2655 1576 2689 quo
1602 2644 1836 2690 provinciam

472 2715 615 2751 intrare
641 2711 747 2746 vetiti
772 2713 890 2744 erant.
946 2708 1028 2742 Non
1064 2711 1118 2741 est
1152 2718 1244 2752 opus
1279 2706 1372 2741 alias
1407 2706 1573 2742 rationes
1607 2705 1836 2750 excogitare,

474 2786 566 2823 quas
591 2773 765 2808 refutem.
827 2769 926 2805 Satis
961 2769 1061 2803 enim
1089 2780 1131 2802 ex
1157 2769 1198 2803 P.
1226 2767 1412 2810 Munatii,
1447 2765 1581 2812 optimi
1603 2765 1834 2811 interpretis,

472 2838 634 2873 obscura
669 2837 707 2869 ct
733 2833 911 2880 perplexa
934 2833 1023 2866 nota
1046 2829 1211 2879 intelligi
1245 2832 1387 2877 potest,
1422 2838 1535 2875 quem
1559 2826 1837 2873 noneprocedat

476 2898 639 2944 vulgatae
662 2896 850 2942 scriptura
875 2892 1086 2940 explicatio.
