1981 3390
790 647 947 709 vn.

145 775 233 829 De
271 777 412 831 locis
462 778 677 848 aliquot
729 780 1065 833 selectarum
1123 780 1415 836 Ciceronis
1464 801 1593 837 ora-.

412 875 635 927 tionum
681 876 989 946 disputatio
1029 877 1206 928 altera
1235 874 1302 943 ¹).

146 1046 337 1162 Quum
360 1097 581 1150 superiore
598 1097 888 1152 disputatione
903 1097 954 1138 de
968 1099 1194 1153 praecipuis
1215 1097 1324 1140 locis
1346 1101 1589 1142 orationum

144 1187 169 1213 a
193 1187 261 1213 me
280 1173 490 1214 editarum
514 1188 610 1215 mea
631 1176 1062 1216 coniecturamutatis
1076 1178 1325 1230 expositum
1351 1187 1590 1228 esset‚.non

143 1251 556 1305 praetermittendum
592 1253 769 1306 putavi,
802 1254 929 1306 quin,
960 1261 1030 1303 ut,
1061 1262 1268 1307 quantum
1301 1252 1398 1294 fieri
1427 1263 1589 1309 posset,

145 1342 222 1377 ea,
254 1341 347 1382 qnae
381 1341 487 1368 vera
519 1336 562 1368 et
594 1337 714 1368 recta
747 1328 854 1368 mihi
885 1330 978 1368 visa
1009 1338 1177 1379 essent,
1210 1329 1310 1370 aliis
1344 1330 1587 1384 probarem,

145 1418 204 1444 ex
239 1405 292 1444 iis
321 1417 489 1458 quoque
519 1403 656 1455 locis,
698 1419 804 1459 quos
836 1405 1028 1446 codicum
1063 1406 1357 1447 editionnmve
1386 1409 1592 1449 vetustis-

144 1483 350 1522 simarum
404 1481 659 1520 anctoritate
709 1482 1023 1531 correxissem5
1072 1482 1203 1537 paulo
1244 1482 1416 1537 plures,
1463 1494 1592 1539 quam

146 1556 340 1612 exempli
373 1569 502 1597 causa
531 1558 574 1596 in
604 1557 855 1611 praefatione
889 1558 1091 1598 editionis
1125 1561 1593 1611 commemoravissem,

146 1633 404 1690 Seligerem,
464 1634 655 1674 maxime
705 1633 871 1674 scilicet
913 1648 1012 1683 eos,
1067 1636 1139 1690 qui
1185 1644 1260 1675 aut
1307 1637 1592 1691 insigniorem

147 1711 337 1767 aliquam
381 1709 594 1751 haberent
645 1712 928 1751 mutationem
980 1720 1054 1751 aut
1103 1713 1372 1753 occasionem
1429 1713 1593 1768 praebe-

146 1797 242 1830 rent
282 1801 412 1828 unam
452 1786 691 1828 alteramve
741 1801 833 1828 rem
875 1788 927 1827 ad
972 1787 1154 1828 formam
1195 1791 1406 1830 sermonis
1447 1790 1594 1830 Latini

147 1865 434 1920 pertinentem
467 1865 722 1921 attingendi,
754 1874 795 1904 et
827 1865 879 1904 de
914 1863 1069 1919 quibus
1105 1852 1290 1905 abaliis
1317 1866 1476 1907 dictum
1508 1882 1591 1907 non

148 1950 289 1992 esset,
334 1942 409 1982 sed
442 1950 585 1981 tamen
619 1940 852 1981 nonnullos
883 1955 1053 1995 quoque
1083 1944 1261 1982 minoris
1294 1944 1522 1992 momenti,
1553 1952 1595 1983 et

146 2019 191 2058 in
221 2019 276 2057 iis
306 2017 573 2071 corrigendis
606 2017 706 2070 quid
739 2031 879 2057 essem
907 2026 1095 2066 secutus,
1128 2018 1414 2068 ostenderem,
1444 2019 1485 2058 in
1511 2033 1594 2073 quo

150 2093 280 2133 simul
312 2093 465 2133 liceret
494 2107 626 2132 unum
657 2100 698 2132 et
728 2092 910 2133 alterum
942 2092 1085 2133 locum
1117 2094 1160 2133 in
1195 2094 1418 2147 superiore
1450 2094 1594 2150 dispu-

151 2171 312 2210 tatione
358 2167 586 2209 brevitatis
642 2169 782 2210 studio
833 2171 1039 2210 omissum
1094 2184 1475 2221 commemorare„
1510 2173 1595 2212 Sed

152 2258 245 2300 quae
275 2259 442 2285 summa
474 2254 565 2285 erat
597 2247 641 2285 in
674 2245 896 2286 nonnullis
924 2246 1191 2287 orationibus
1224 2255 1328 2296 tum,
1363 2262 1492 2302 quum
1521 2262 1594 2288 eas

153 2321 349 2371 edebam,
382 2321 629 2371 difficultas,
663 2323 775 2377 quod
808 2323 1002 2363 codicum
1035 2324 1256 2377 scripturae
1289 2338 1427 2379 neque
1455 2324 1595 2379 plenae

152 2412 290 2454 neque
321 2397 552 2455 diligenter
592 2407 776 2440 enotatae
813 2408 961 2451 erant,
1002 2414 1096 2440 eam
1138 2409 1236 2454 post
1274 2400 1383 2441 illud
1426 2411 1595 2456 tempus

152 2490 310 2531 magna
358 2490 417 2517 ex
470 2483 593 2530 parte
644 2474 798 2517 tollere
837 2479 976 2532 potuit
1009 2491 1057 2518 ac
1099 2477 1271 2528 debuit,
1316 2480 1388 2533 qui
1424 2480 1595 2519 casdem

154 2555 394 2603 orationes,
425 2552 619 2593 exclusis
647 2561 811 2593 tantum
842 2554 1096 2610 Philippicis
1126 2562 1168 2595 et
1198 2554 1376 2595 adiectis
1402 2556 1470 2604 iis,
1502 2569 1594 2608 quae

154 2643 232 2684 pro
270 2627 456 2669 Murena
500 2638 542 2669 et
585 2629 797 2671 Marcello
847 2630 1005 2672 habitae
1057 2641 1181 2681 sunt,
1233 2632 1364 2671 edidit
1409 2630 1595 2685 Mognn-

156 2706 256 2746 tiaci
286 2719 324 2745 a.
342 2707 464 2756 1833,
498 2706 644 2749 multis
675 2706 880 2750 adhibitis
913 2708 1150 2758 codicibus,
1178 2708 1242 2750 Jo.
1277 2706 1323 2749 B.
1346 2707 1594 2750 Steinmetz.

184 2804 220 2844 ¹)
250 2803 370 2845 [Nunc
392 2804 554 2848 primum
586 2805 714 2849 edita.)
