1981 3390
455 211 550 261 19⁴

388 332 580 387 quaedam
614 328 800 384 qualitas
835 338 924 379 est,
969 343 1013 370 ut
1041 332 1101 370 ita
1133 331 1296 382 dicam,
1339 329 1448 385 quod
1486 331 1536 370 «le
1566 330 1724 373 affeetu
1752 331 1830 375 illo

387 410 471 450 «tici
498 407 659 461 nequit.
716 404 938 448 Caeterum,
963 408 1006 447 in
1041 407 1121 447 hoc
1151 406 1247 448 loco
1275 406 1410 463 paulo
1451 417 1549 448 unte
1590 415 1633 448 et
1675 421 1758 462 ego
1789 417 1833 449 et

389 486 547 540 reliqui
597 496 746 524 ornnes
795 483 982 522 editores
1025 484 1364 525 additamentum
1405 484 1685 540 reliquimus3
1733 498 1833 526 nam

389 563 463 604 ubi
494 562 655 603 editur:
687 564 860 599 ornetur
889 560 1003 599 alter
1035 564 1201 601 eximia
1231 561 1362 601 lande
1394 560 1665 611 Africanus,
1696 563 1834 602 omni-

389 655 460 679 um
494 638 686 678 codicum
729 635 1051 676 oxoniensium
1091 639 1372 689 auctoritate,
1417 653 1443 679 a
1485 653 1665 693 quorum
1712 647 1831 679 tanto

391 728 603 754 consensu
646 711 755 752 alios
798 726 946 752 omnes
987 713 1216 754 dissentire
1249 728 1375 754 nemo
1405 715 1573 765 credet,
1604 715 1835 756 delendum

394 801 460 833 est
487 789 745 838 vocabulum
777 790 903 829 aller.
981 790 1110 844 Apud
1143 788 1396 831 Ciceronem
1428 791 1626 832 Africani
1658 794 1833 832 nomine

392 869 646 923 simpliciter
681 868 823 919 posito
857 875 942 907 tam
973 880 1085 920 saepe
1119 866 1230 908 alter
1256 867 1540 923 significatur,
1576 875 1622 908 ut
1651 868 1696 908 id
1728 882 1837 925 opus

393 961 477 987 non
508 947 643 986 fuisse
685 944 784 984 addi
824 951 994 997 pateat,
1036 945 1166 985 etiam
1196 946 1241 985 in
1275 945 1567 994 orationibus,
1609 943 1732 986 velut
1759 959 1838 999 pro

393 1024 519 1065 Rosc.
561 1021 710 1063 Amer.
741 1023 812 1071 36,
845 1023 939 1062 103.
1012 1021 1124 1062 Nam
1159 1021 1313 1073 huius,
1358 1024 1430 1078 qui
1458 1022 1652 1062 Africam
1682 1022 1838 1076 perdo-

393 1102 500 1141 muit
531 1108 573 1140 et
603 1100 872 1152 provinciam
908 1098 1035 1149 fecit,
1074 1100 1118 1139 in
1163 1098 1360 1152 populari
1400 1113 1479 1139 usu
1517 1099 1561 1139 id
1594 1113 1834 1153 cognomen

392 1179 613 1233 proprium
648 1177 783 1216 fuisse
813 1175 998 1215 videtur.

509 1256 752 1307 Antequam
792 1251 1070 1292 Catilium-ias
1105 1253 1298 1300 mittam,
1342 1252 1593 1308 attingenda
1623 1260 1698 1293 est
1728 1251 1838 1294 diffi-

394 1331 530 1373 cultas
562 1330 756 1385 quaedam
789 1329 832 1368 in
873 1336 1113 1380 temporum
1153 1330 1321 1369 ratione
1362 1338 1405 1370 et
1446 1332 1490 1370 in
1535 1329 1642 1370 locis
1674 1329 1840 1384 aliquot

395 1424 446 1450 oo
478 1406 787 1463 spectantibus.
846 1404 1119 1446 conventum
1154 1415 1409 1447 nocturnum
1439 1407 1551 1462 apud
1570 1405 1633 1447 M.
1652 1406 1839 1457 Laecam,

398 1501 480 1540 quo
517 1486 695 1526 dimisso
727 1484 812 1524 duo
847 1484 1013 1537 equites
1044 1483 1227 1523 Romani
1263 1498 1387 1524 mane
1419 1484 1674 1526 Ciceronem
1706 1486 1839 1525 inter-

395 1562 526 1603 ficere
568 1561 800 1601 voluerunt
840 1558 954 1609 (Cat.
985 1559 1031 1609 I,
1058 1561 1112 1610 4,
1141 1562 1169 1599 9
1201 1568 1243 1600 et
1276 1563 1372 1611 10),
1417 1560 1611 1601 habitum
1652 1575 1747 1602 esse
1786 1576 1840 1602 ea

396 1647 548 1688 nocte,
591 1651 683 1692 quae
718 1637 944 1677 interiecta
973 1645 1065 1676 erat
1103 1638 1216 1677 inter
1257 1637 1297 1678 d.
1332 1637 1442 1678 'VIII
1473 1637 1535 1678 Id.
1573 1636 1688 1679 Nov.
1723 1645 1766 1678 et
1798 1638 1839 1678 d.

395 1717 484 1758 Vll
515 1716 603 1766 Id„
646 1722 807 1755 certum
839 1708 911 1754 est‘
934 1728 992 1754 ex
1025 1722 1132 1754 orat.
1161 1729 1239 1768 pro
1273 1713 1395 1754 Sulla
1424 1729 1459 1754 c.
1492 1716 1571 1764 18,
1605 1716 1662 1754 52
1695 1715 1841 1765 (nocte

398 1809 475 1846 ecc,
520 1805 614 1847 (μω
647 1797 876 1831 consecuta
909 1796 972 1830 est
997 1797 1213 1844 posterum
1253 1791 1364 1831 diem
1396 1790 1623 1832 Nonarum
1691 1791 1842 1832 “ovem-

398 1872 580 1924 brz‘nm),·
617 1883 713 1910 nam
742 1877 960 1921 posterum
1003 1868 1115 1908 diem
1158 1850 1367 1908 nonarum
1402 1867 1717 1909 Novembrium
1747 1883 1842 1910 esse

399 1950 439 1989 d.
473 1946 584 1989 VIII
617 1946 718 1986 Idus
753 1945 878 1995 Now,
916 1958 998 1985 non
1033 1946 1149 1999 ipsas
1179 1960 1331 1995 nonas,
1365 1945 1476 1999 quod
1510 1943 1732 1986 Manutius
1764 1961 1843 2000 pu-

397 2026 539 2075 tabat,
581 2034 697 2065 recte
725 2024 946 2064 Ferratius
977 2021 1224 2073 intellexit,
1256 2031 1303 2062 ut
1333 2036 1481 2062 eorum
1512 2023 1744 2073 sententia,
1771 2024 1844 2077 qui

395 2104 479 2144 hoc
495 2103 561 2143 die
574 2101 763 2142 habitam
781 2113 876 2140 esse
893 2100 1134 2140 orationem
1154 2108 1412 2150 statuerunt,
1431 2100 1628 2140 convicta
1642 2099 1841 2152 iaceatl).

398 2181 481 2221 Sed
502 2179 724 2219 Manutius
744 2179 924 2231 primam
947 2178 1185 2217 orationem
1204 2176 1395 2217 habitam
1416 2185 1534 2232 putat
1560 2190 1611 2216 eo
1637 2177 1733 2231 ipso
1757 2177 1842 2225 die,

399 2258 471 2311 qui
512 2255 629 2295 illam
674 2262 842 2293 noctem
891 2254 1111 2292 insecutus
1155 2262 1243 2303 est,
1288 2254 1508 2294 ferrutius
1553 2253 1681 2306 (Epp.
1713 2253 1770 2303 V,
1814 2254 1843 2292 2

396 2347 438 2386 p.
465 2334 549 2373 308
581 2329 690 2384 sqq.)
723 2336 819 2383 post
851 2341 981 2367 unum
1009 2327 1122 2367 diem
1152 2330 1449 2377 interiectum,
1482 2328 1563 2369 hoc
1594 2337 1659 2369 est
1684 2328 1749 2370 Vl
1778 2329 1841 2370 Id.

397 2407 659 2456 Novembr„
714 2419 837 2460 quern
882 2419 963 2459 ego
1007 2418 1102 2453 cum
1146 2404 1457 2445 recentioribus
1500 2414 1673 2446 secutus
1716 2406 1760 2447 id
1798 2408 1843 2447 in

399 2493 653 2543 argumento
689 2484 826 2538 posui.
904 2480 951 2521 Id
986 2479 1138 2521 confici
1179 2490 1300 2535 putat
1340 2497 1395 2522 ex
1443 2480 1664 2524 Ciceronis
1697 2482 1844 2524 verbis

399 2566 444 2607 in
476 2578 512 2605 c.
544 2564 602 2613 4,
643 2560 754 2616 quod
788 2565 950 2600 noctem
994 2559 1114 2598 illam
1146 2563 1405 2613 superiorem
1450 2568 1492 2600 et
1529 2566 1692 2602 noctem
1718 2563 1843 2616 prio-

425 2748 463 2790 Ἰί)
487 2747 543 2781 Ex
568 2744 637 2779 illo
662 2744 824 2780 Sullanae
849 2745 932 2778 loco
959 2743 1202 2778 confirmatur
1226 2743 1322 2776 idem
1347 2743 1522 2787 loquendi
1548 2751 1678 2788 genus,
1705 2741 1751 2775 de
1772 2751 1844 2786 quo

489 2805 681 2841 Ernestius
708 2804 914 2846 dubitavit,
944 2804 980 2839 in
1006 2805 1096 2839 Tac.
1128 2804 1226 2839 nist.
1255 2804 1283 2845 1,
1311 2802 1545 2847 26:1›0ster0
1573 2803 1693 2836 iduum
1720 2801 1789 2837 die.
