1981 3390
448 207 513 256 42

380 341 526 370 corum
557 329 776 369 nationem
807 327 860 368 ad
896 339 1194 382 quamcunque
1228 335 1365 368 artem
1394 336 1561 383 aptam,
1598 326 1710 369 nihil
1739 341 1825 370 non

379 414 616 446 tentantem
676 413 718 446 et
769 403 997 445 audentem
1047 418 1178 459 quum
1231 405 1555 460 descripsisset,
1606 414 1825 460 postremo

379 485 524 524 omnia
554 482 868 537 complectenS,
909 481 951 521 id
983 482 1176 532 facinus,
1210 483 1256 523 in
1287 496 1370 538 quo
1403 484 1526 538 quasi
1557 497 1725 524 summa
1751 498 1825 524 au-

378 562 511 602 daciae
553 569 595 601 et
637 560 915 614 impudentia}
948 558 1146 600 humanae
1187 561 1476 612 constitisset,
1510 575 1597 601 non
1628 560 1681 602 ab
1713 560 1826 602 alius

377 638 562 680 alicuius
617 639 760 692 gentis
810 636 1009 687 homine,
1062 637 1138 678 sed
1192 653 1217 678 a
1269 637 1420 679 Graeco
1473 647 1684 680 tentatum
1730 653 1826 680 esse

379 717 521 764 dixit3
566 715 881 756 Atheniensem
922 715 1082 764 fuisse,
1125 717 1199 770 qui
1236 714 1329 755 alas
1373 718 1644 770 sumpsisset.
1712 717 1825 766 Quis

377 807 464 834 nou
495 793 639 844 ridet,
682 793 736 834 ad
775 792 887 834 hanc
927 793 1186 833 sententiam
1239 792 1503 847 implendam
1551 793 1664 834 nihil
1706 793 1825 834 aliud

375 871 595 926 pertinere
637 879 791 926 praeter
828 869 1083 921 Daedalum,
1127 869 1237 910 nihil
1271 869 1390 911 aliud
1419 869 1566 911 verbis
1599 872 1826 921 contineri,

377 949 578 1004 quicquid
618 949 803 1004 denique
848 949 1055 998 addatur,
1106 950 1248 1004 perire
1282 950 1427 989 omnia
1461 957 1503 988 et
1530 938 1706 990 ‘evertit
1767 947 1822 990 Et

376 1035 520 1067 tamen
562 1040 693 1082 quum
733 1026 846 1081 apud
885 1026 1143 1068 Suetonium
1183 1025 1305 1078 (Ner.
1337 1028 1422 1078 12.)
1457 1028 1664 1082 scriptum
1694 1036 1825 1076 esset,

376 1118 506 1159 quum
524 1102 641 1144 Nero
664 1105 777 1144 inter
797 1103 886 1145 alia
911 1103 1209 1159 pyrricharum
1234 1113 1492 1158 argumenta
1508 1104 1619 1145 Icari
1634 1103 1824 1146 volantis

375 1166 669 1238 spectaculum
704 1182 876 1231 ederet,
917 1181 1086 1222 Icarum
1125 1182 1265 1236 primo
1310 1183 1456 1222 statim
1502 1190 1658 1222 conatu
1696 1183 1824 1221 iuxta

375 1258 620 1300 cubiculum
650 1259 919 1312 imperatoris
949 1258 1162 1298 decidisse
1198 1259 1427 1313 ipsumque
1467 1272 1620 1300 cruore
1656 1271 1826 1312 resper-

375 1338 500 1387 sisse,
534 1335 615 1376 hoo
643 1350 668 1376 a
696 1334 907 1376 Iuvenale
937 1333 1231 1390 significatum
1260 1336 1518 1391 interpretes
1548 1342 1826 1391 putaverunt,

375 1415 498 1468 quasi
538 1421 612 1454 aut
649 1427 720 1453 res
752 1411 1020 1467 pei-pusilla,
1069 1426 1153 1467 quo
1188 1421 1382 1467 tempore
1415 1412 1638 1454 Iuvenalis
1670 1413 1826 1453 satiras

377 1491 533 1540 edidit,
565 1499 669 1531 nota
701 1489 836 1545 vulgo
868 1490 999 1530 fuerit
1032 1498 1107 1530 aut
1139 1488 1453 1545 significatione
1484 1491 1642 1545 digna,
1673 1498 1747 1531 aut
1780 1492 1823 1530 in

374 1568 545 1609 misello
585 1568 784 1619 homine,
829 1583 855 1608 a
895 1581 1010 1608 saevo
1054 1575 1233 1621 tyranno
1272 1567 1516 1623 periculum
1561 1570 1662 1609 vitae
1703 1568 1824 1609 adire

375 1654 546 1696 coacto,
591 1660 718 1701 quem
761 1660 814 1686 ne
849 1644 1048 1686 Graecum
1080 1646 1252 1701 quidem
1291 1646 1428 1686 fuisse
1464 1655 1658 1697 constat,
1702 1646 1824 1702 quid·

375 1739 504 1780 quam
538 1733 611 1764 aut
645 1724 835 1764 audacize
869 1732 944 1764 aut
975 1723 1147 1764 ridiculi
1190 1732 1232 1764 et
1265 1738 1439 1774 eorum,
1496 1738 1589 1779 quae
1628 1723 1698 1764 hic
1736 1732 1822 1765 tra-

374 1809 557 1852 ctantur,
588 1801 731 1842 simile
755 1802 900 1842 fuerit.
965 1801 1050 1842 Sed
1069 1815 1153 1841 non
1174 1802 1315 1842 minus
1333 1801 1679 1857 improbandum,
1708 1803 1822 1858 quod

372 1879 454 1930 lv,
493 1867 599 1928 106,
640 1879 715 1920 ubi
757 1879 947 1920 Rubrius
997 1880 1169 1934 quidam
1221 1888 1396 1920 senator
1439 1879 1674 1934 improbior
1715 1884 1821 1920 satt-

374 1951 466 1998 2³am
512 1955 727 1997 scre'benle
768 1956 933 1997 clncedo
976 1957 1157 2007 dicitur,
1196 1956 1311 1997 hunc
1353 1958 1563 1998 cinaedum
1600 1955 1822 1998 Neronem

374 2049 471 2076 esse
506 2041 549 2075 et
589 2033 665 2075 alii
696 2042 902 2089 putarunt
941 2042 984 2074 et
1027 2047 1188 2088 nuper,
1233 2047 1365 2089 quum
1406 2032 1564 2076 Mauso
1605 2042 1822 2089 negasset,

374 2112 542 2155 Weber
589 2127 748 2167 magno
790 2127 920 2167 opere
962 2113 1188 2167 pugnavit.
1260 2112 1451 2152 Primum
1492 2114 1537 2152 in
1579 2111 1725 2152 verbis
1756 2113 1820 2152 ni-

375 2189 437 2230 hil
470 2191 610 2240 inest,
657 2203 741 2244 quo
779 2188 897 2230 Nero
934 2199 1131 2237 notetur3
1174 2194 1294 2239 (nam
1328 2189 1441 2244 quod
1473 2187 1591 2230 Nero
1632 2190 1820 2230 cintedus

375 2268 519 2317 fuerit,
549 2267 646 2306 ideo
679 2265 889 2316 concludi,
925 2280 981 2306 ex
1009 2266 1162 2306 cinaedi
1186 2267 1359 2306 nomine
1382 2265 1603 2307 Iuvenalis
1633 2265 1819 2308 lectores

375 2349 417 2386 iu
449 2354 534 2385 tum
563 2343 822 2400 peruulgata
853 2358 1018 2384 morum
1050 2343 1146 2384 labe
1174 2343 1422 2398 intelligere
1447 2346 1656 2400 potuisse,
1684 2347 1818 2401 signi-

375 2423 495 2465 ficari
524 2424 827 2478 imperatorem
870 2422 1029 2462 dudum
1074 2430 1315 2473 mortuum,
1360 2423 1455 2478 quis
1489 2437 1576 2463 non
1611 2424 1819 2464 miretur!

375 2504 518 2544 Satira
539 2509 681 2542 autem
697 2500 857 2541 clarum
872 2498 1089 2541 Neronem
1112 2502 1261 2552 fuisse,
1289 2516 1414 2542 nemo
1439 2500 1629 2552 tradidit,
1659 2502 1816 2542 nedum

374 2584 434 2622 ita
462 2580 651 2630 clarum,
693 2588 740 2618 ut
769 2579 822 2619 ad
853 2593 948 2619 eum
992 2577 1326 2635 significandmn
1361 2581 1505 2621 satirae
1535 2580 1697 2620 mentio
1729 2581 1817 2620 sus-

376 2657 547 2709 ficoret,
581 2659 662 2698 etsi
709 2658 900 2698 carmina
942 2657 1153 2713 probrosa
1193 2660 1238 2699 in
1267 2659 1498 2700 Afranium
1531 2657 1743 2714 quendam
1776 2668 1815 2697 et

376 2736 574 2777 Clodium
618 2736 843 2790 scripsisse
877 2735 1056 2777 Tacitus
1096 2745 1138 2778 et
1179 2737 1414 2779 Suetonius
1446 2744 1644 2785 narrant3
1684 2735 1814 2791 longe

376 2815 490 2856 uliud
519 2817 632 2856 enim
660 2815 771 2869 apud
793 2822 990 2871 antiquos
1011 2829 1179 2857 carmen
1207 2814 1487 2871 probrosum,
1522 2814 1640 2857 aliud
1668 2816 1814 2856 satim.
