1981 3390
460 256 554 309 176

389 376 556 419 Verum
595 375 632 416 is
664 369 829 427 aliquid
875 367 1056 412 contulit
1084 368 1138 412 ad
1172 382 1320 412 earum
1353 367 1597 412 orationum
1629 366 1830 410 emenda-

387 453 577 502 tionem,
628 447 765 490 multo
805 455 948 486 tamen
979 448 1146 497 minus,
1187 459 1314 500 quam
1357 445 1605 499 exspectari
1644 450 1831 498 poterat,

387 541 447 569 ex
489 535 609 567 tanto
659 524 852 565 codicum
894 521 1250 562 conferendorum
1289 520 1440 561 labore
1480 520 1644 561 fructus
1673 533 1831 575 prove·

386 605 450 644 nit
479 603 616 656 ipsius
649 598 788 653 culpa.
850 595 963 637 Nam
990 605 1032 637 et
1064 611 1190 637 veras
1221 598 1415 638 codicum
1447 598 1681 652 scripturas
1714 594 1826 637 mul-

388 687 454 720 tas
493 677 704 724 restituit,
764 686 856 727 quae
891 674 976 712 iam
1015 679 1114 711 ante
1157 686 1221 712 ex
1261 672 1359 713 aliis
1399 672 1618 713 codicibus
1658 672 1831 713 restitui

389 761 591 809 poterant
603 759 682 790 eta
696 763 762 789 me
778 749 986 788 restitutae
1000 755 1138 798 erant,
1153 748 1306 801 partim
1323 749 1453 788 etiam
1467 757 1565 789 ante
1579 748 1631 789 ab
1647 747 1832 797 Orellio,

386 837 430 870 et
461 828 626 882 aliquot
659 822 839 880 protulit
863 824 1112 878 recepitque
1143 831 1217 863 aut
1242 836 1379 863 novas
1413 831 1487 863 aut
1519 825 1579 863 ita
1609 832 1736 863 antea
1761 824 1828 863 in-

388 914 552 953 certas,
578 911 625 943 ut
653 902 789 955 recipi
819 914 903 940 non
936 907 1138 954 possent,
1170 907 1213 939 et
1244 900 1415 948 effecit,
1447 906 1493 938 ut
1522 898 1831 939 nonnullorum

385 981 579 1022 locorum
620 977 775 1018 menda
816 976 1087 1017 manifestius
1131 975 1552 1030 coarguerentur1);
1605 975 1679 1015 sed
1722 988 1833 1029 prae-

387 1066 582 1112 terquam
629 1054 743 1109 quod
788 1051 1026 1108 permultas
1073 1050 1208 1091 bonas
1249 1050 1480 1100 lectiones,
1523 1064 1615 1105 quae
1658 1050 1729 1091 vel
1771 1064 1832 1091 ex

386 1130 606 1174 codicibus
648 1137 748 1170 ante
789 1128 959 1170 collatis
1001 1129 1112 1168 sumi
1153 1134 1377 1182 poterant,
1432 1125 1658 1181 neglexit,
1700 1140 1832 1181 quum

386 1209 496 1250 alias
529 1208 801 1256 adscisceret,
834 1218 927 1259 quae
960 1204 1246 1244 adsciscendae
1276 1216 1363 1242 non
1394 1211 1531 1252 erant,
1562 1216 1615 1243 ne
1643 1204 1745 1258 quid
1777 1203 1830 1244 de

386 1300 438 1325 eo
460 1285 623 1333 dicam,
656 1282 768 1336 quod
786 1280 997 1335 postulari
1030 1281 1170 1320 minus
1201 1286 1372 1330 potest,
1405 1278 1517 1332 quod
1538 1278 1590 1317 ad
1611 1292 1685 1318 eos
1696 1277 1834 1329 locos,

383 1363 428 1401 in
460 1358 614 1414 quibus
650 1358 838 1412 vestigia
864 1363 1031 1396 tantum
1064 1354 1248 1395 verioris
1278 1354 1500 1408 scripturae
1526 1354 1694 1406 codices
1721 1369 1831 1410 prae·

407 1515 447 1557 ¹)
472 1513 527 1545 Ex
556 1509 661 1545 novis
683 1509 907 1544 lectionibus
935 1506 1237 1554 praestantissima
1261 1509 1329 1548 est,
1353 1517 1466 1550 quam
1486 1505 1523 1540 in
1544 1507 1622 1542 Cat.
1635 1508 1682 1549 11,
1705 1508 1762 1551 12,
1784 1509 1832 1544 27

475 1583 496 1605 e
523 1571 648 1604 codice
675 1569 930 1613 antiquissimo
957 1566 1228 1613 Tegernseensi
1255 1566 1441 1608 restituit,
1469 1568 1656 1602 connivere
1683 1580 1831 1612 possum

478 1641 546 1675 pro
573 1640 640 1669 eo,
674 1629 770 1672 quod
800 1628 1046 1671 interpolator
1079 1625 1214 1669 aliquis
1248 1626 1512 1668 substituerat,
1551 1628 1737 1662 consulere
1761 1629 1832 1662 situ·

470 1693 647 1734 possunt,
683 1697 794 1730 quam
831 1686 945 1720 etiam
983 1687 1082 1731 apud
1108 1685 1301 1719 Valerium
1329 1686 1495 1720 Probum
1531 1688 1831 1723 Grammaticum

473 1748 614 1793 reperit
649 1748 700 1788 (c.
726 1746 818 1779 1482
844 1746 905 1788 P.)
920 1750 970 1779 'et
995 1746 1031 1779 in
1057 1746 1265 1779 scholiasta>
1292 1746 1534 1780 adnotatione
1559 1748 1680 1781 latere
1705 1752 1828 1783 usten-

474 1808 538 1842 dit.
595 1808 636 1840 In
664 1806 773 1839 Catil.
812 1806 851 1846 1,
891 1805 936 1846 8,
973 1805 1020 1838 20
1045 1805 1105 1848 (ut
1131 1805 1251 1838 obiter
1276 1816 1441 1839 errorem
1467 1818 1591 1840 meum
1621 1807 1828 1852 corrigam)

473 1864 649 1901 sufficere
673 1865 767 1899 mihi
792 1866 972 1898 debuerat
998 1865 1174 1898 adnotata
1199 1864 1274 1897 iam
1308 1865 1354 1897 ab
1383 1865 1465 1898 aliis
1500 1866 1668 1900 codicum
1697 1872 1827 1901 aucto-

473 1927 587 1966 ritas,
624 1926 670 1959 ad
705 1936 816 1970 quam
853 1936 949 1958 nunc
983 1924 1276 1968 Tegernseensis
1304 1924 1371 1957 ille
1397 1929 1529 1969 praeter
1554 1926 1647 1960 alios
1673 1927 1828 1969 accedit,

474 1997 521 2019 ne
543 1986 626 2019 loco
651 1996 717 2018 suo
744 1986 979 2018 demoverem
1003 1988 1141 2018 rectam
1162 1983 1407 2028 scripturam,
1434 1985 1467 2017 si
1491 1986 1600 2018 emori
1621 1996 1720 2029 oeqno
1746 1987 1827 2019 ani-

472 2057 528 2079 mo
552 2056 623 2077 non
644 2049 762 2087 potes,
788 2043 991 2078 substituta
1015 2044 1149 2084 altera,
1178 2044 1212 2076 si
1233 2044 1292 2077 Izic
1315 2044 1462 2085 morari,
1488 2055 1600 2088 quam
1623 2045 1828 2080 Steinmetz

472 2116 618 2149 quoque
643 2106 800 2149 probat3
826 2114 913 2137 num
932 2115 999 2136 noc
1026 2104 1165 2136 morari
1183 2115 1249 2147 pro
1269 2115 1412 2137 manere
1436 2115 1504 2138 nec
1529 2106 1562 2138 si
1575 2116 1643 2149 pro
1659 2107 1826 2148 quoniam

470 2163 566 2198 ferri
590 2168 732 2208 potest,
772 2169 808 2198 et
830 2165 902 2211 hoc
928 2164 1058 2196 Cicero
1084 2163 1195 2205 dicit,
1233 2164 1296 2207 qui
1322 2168 1445 2205 tanto,
1481 2169 1618 2208 quanto
1648 2163 1825 2204 Catilina,

469 2224 640 2257 omnibus
666 2224 749 2257 odio
775 2224 834 2265 sit,
861 2224 976 2258 vitam
1000 2224 1165 2257 abiicere
1195 2224 1356 2265 debere3
1383 2224 1438 2257 sin
1468 2223 1505 2256 id
1532 2234 1604 2256 non
1631 2223 1824 2263 sustineat,

471 2294 493 2316 a
521 2282 643 2325 patria
668 2283 802 2326 sugere
838 2294 950 2325 quam
975 2283 1214 2327 longissime3
1255 2295 1322 2316 nec
1353 2284 1529 2317 hortatur
1561 2293 1650 2314 vere
1691 2281 1824 2315 catili-

473 2352 581 2381 nam,
607 2345 648 2374 ut
670 2340 874 2381 moriatur,
915 2342 978 2373 scd
1005 2341 1104 2373 exire
1131 2342 1183 2374 ita
1210 2342 1338 2382 iubet,
1374 2347 1413 2375 ut
1438 2343 1498 2374 vel
1527 2339 1709 2373 moriendi
1734 2351 1823 2374 cau-

472 2412 551 2435 sam
577 2401 704 2433 adesse
734 2399 843 2432 dicat.
914 2400 956 2432 In
984 2400 1062 2433 Cat.
1089 2399 1147 2439 11,
1168 2399 1211 2440 5,
1237 2401 1280 2433 11
1306 2405 1405 2433 recte
1430 2400 1633 2434 Steinmetz
1661 2399 1825 2434 restituit

473 2471 616 2493 manere
645 2459 721 2499 (cui
745 2458 976 2491 eontrarium
1001 2463 1057 2492 est
1079 2459 1269 2500 resecari),
1299 2459 1363 2492 ubi
1391 2471 1460 2504 ego
1487 2459 1609 2492 nescio
1638 2461 1822 2503 quomodo

469 2531 616 2554 manare
641 2518 796 2562 reliqui,
831 2517 927 2561 quod
955 2529 996 2550 ex
1025 2528 1150 2551 erroro
1176 2518 1448 2563 typographico
1476 2524 1600 2552 ortum
1625 2524 1692 2556 est.
1745 2520 1823 2554 Nee

468 2579 507 2613 in
545 2579 602 2613 ed.
641 2578 732 2612 1480
769 2577 822 2611 sic
851 2582 926 2618 est,
957 2578 1019 2611 sed
1043 2589 1206 2616 manere,
1243 2579 1371 2612 necin
1407 2580 1487 2612 ullo
1512 2580 1649 2613 codice.
1705 2580 1823 2613 Recte

469 2638 583 2673 etiam
611 2639 658 2679 11,
686 2638 741 2679 11,
782 2636 828 2671 25
864 2638 1136 2681 suppeditamus
1159 2638 1284 2673 edidit.
1343 2641 1432 2682 Quat
1460 2640 1601 2683 recepit
1627 2650 1698 2673 non
1724 2639 1819 2673 rcci-

470 2699 618 2744 pienda,
645 2709 717 2731 non
730 2701 813 2731 sunt
825 2697 986 2731 hocloco
998 2697 1217 2731 refellenda.
1265 2699 1455 2732 Interdum
1476 2699 1554 2743 ipsc
1583 2701 1735 2732 enarrat
1763 2699 1818 2730 lc-

470 2758 630 2791 ctionem
656 2757 831 2799 eiectam,
868 2760 908 2793 nt
929 2757 1008 2793 cat.
1036 2757 1093 2795 11,
1124 2756 1165 2798 8,
1193 2757 1259 2800 18,
1292 2758 1356 2793 ubi
1382 2763 1415 2793 et
1444 2759 1584 2794 addidit
1610 2762 1696 2794 antc
1718 2767 1817 2802 μνω-

469 2818 619 2853 diorum.
