1981 3390
458 270 552 317 150

388 389 467 431 hac
520 390 732 445 scriptura
775 391 954 430 mutatio
1007 401 1202 444 personne
1246 387 1367 430 verbi
1411 384 1659 437 defendetis
1710 389 1840 441 atque

388 466 611 519 obtinebo,
642 474 691 508 ut
721 465 796 508 alii
827 465 1059 507 defendere
1090 481 1183 508 eam
1218 466 1501 516 sententiam,
1531 463 1662 515 alius,
1696 461 1839 519 qualis

388 546 446 586 sit
477 544 696 596 habenda,
729 544 885 584 docere
920 543 1107 592 dicatum
1158 544 1312 585 deinde
1347 544 1522 585 omnino
1554 557 1639 583 non
1667 547 1840 596 poterat

389 622 523 665 tribui
553 620 826 663 senatoribus
857 619 948 661 ulla
980 621 1073 661 eius
1104 623 1329 662 sententiae
1357 622 1569 672 defensio,
1601 634 1707 676 quas
1740 632 1842 660 con·

390 701 499 743 sulis
539 713 634 741 esse
674 706 820 753 partes
862 706 904 738 et
946 699 1072 739 initio
1105 700 1257 753 capitis
1289 701 1526 754 superioris
1567 707 1611 739 et
1643 696 1751 739 alibi
1783 698 1841 737 si-

392 776 621 834 gnificavit
664 784 706 817 et
744 777 789 816 in
827 775 907 816 hac
946 777 1042 830 ipsa
1082 776 1262 832 periodo
1296 776 1387 817 illis
1423 776 1595 818 verbis:
1634 776 1846 816 dederitis·

392 855 501 901 milti
528 859 721 897 comitem
764 854 824 894 cccl
863 858 1109 895 conce‘onem
1146 855 1306 909 populo
1351 867 1497 894 carum
1535 858 1665 908 alque
1695 856 1849 894 iucun-

393 930 506 971 dum.
565 929 781 987 Quicquid
806 934 921 973 enim
955 932 1174 973 decretum
1210 941 1326 973 esset
1357 946 1384 973 a
1415 939 1584 982 senatu,
1614 930 1847 972 defendere

395 1016 438 1049 et
461 1007 624 1063 populo
652 1009 839 1065 probare
875 1010 1065 1051 consulis
1106 1019 1220 1059 erat3
1256 1019 1432 1051 senatus
1478 1018 1552 1050 aut
1586 1008 1759 1050 facilem
1791 1007 1846 1049 ob

394 1094 615 1129 auctorem
652 1087 907 1144 popularem
962 1102 1136 1129 causam
1179 1088 1492 1129 defendendam
1535 1087 1638 1128 dare
1679 1094 1850 1142 poterat

395 1163 655 1207 autminus
690 1174 874 1221 gratam.
950 1165 1116 1208 Verum
1150 1165 1297 1217 verbi,
1339 1166 1451 1221 'quod
1487 1174 1553 1206 est
1585 1163 1847 1216 (identitatis,

394 1257 626 1299 personam
658 1258 794 1298 prave
825 1243 878 1284 ad
899 1245 1147 1298 praecedens
1175 1243 1383 1284 ‹leder-ctis
1414 1251 1591 1297 propter
1621 1243 1846 1297 utriusque

394 1322 620 1361 sententiae
665 1320 960 1362 similitudinis
1003 1323 1190 1378 speciem
1233 1320 1599 1361 accommodatam
1640 1332 1760 1370 esse,
1807 1326 1851 1360 et

393 1397 527 1453 longe
559 1397 687 1440 aliter
710 1396 965 1440 Ciceronem
991 1401 1234 1456 scripsisse,
1266 1399 1436 1440 codices
1466 1398 1721 1446 ostendunt3
1750 1410 1851 1438 nam

395 1479 440 1518 in
481 1476 728 1518 Erfurtensi
767 1485 822 1518 et„
857 1476 1190 1519 Oxoniensibus
1238 1485 1441 1533 quattuor
1486 1484 1585 1517 ante
1626 1464 1848 1530 vz'tuper'a-

396 1559 515 1597 tione
543 1555 714 1596 additur
742 1555 791 1596 P.
826 1555 883 1596 R.
913 1558 975 1605 (in
1006 1557 1156 1612 quinto
1187 1555 1337 1597 Oxon.
1366 1555 1521 1609 populi
1551 1554 1649 1608 R.),
1689 1554 1733 1594 in
1765 1551 1849 1594 Co-

394 1633 586 1675 loniensi
615 1641 784 1685 autem,
830 1632 997 1675 duobus
1029 1633 1268 1685 Palatinis,
1312 1632 1474 1674 Graevii
1516 1631 1685 1672 duobus
1727 1631 1850 1672 codd.

396 1710 724 1767 Barberinoque
765 1720 865 1767 post
908 1715 1230 1766 vituperatione
1277 1711 1437 1752 eaedem
1477 1709 1615 1750 literae
1657 1710 1722 1760 (in
1764 1722 1851 1750 uno

400 1789 491 1832 Ox.
517 1791 726 1846 populum
757 1790 850 1845 R).
933 1789 1048 1831 Tum
1080 1805 1158 1846 pro
1193 1789 1440 1839 defendetis
1468 1791 1513 1828 in
1547 1788 1692 1828 codice
1724 1785 1854 1828 Colo-

399 1870 541 1909 niensi
563 1864 614 1909 'et
649 1867 881 1909 Graeviano
920 1869 1108 1910 secundo
1143 1876 1209 1909 est
1243 1868 1506 1917 exsolvetis,
1536 1866 1581 1906 in
1611 1863 1852 1905 Bai-berino

400 1946 676 1996 &woh-istis,
720 1947 833 2002 quod
874 1946 1057 1988 verbum
1096 1946 1218 1987 nullo
1266 1945 1393 1986 modo
1437 1958 1497 1984 ex
1527 1943 1607 1984 illo
1643 1943 1748 1984 oriri
1777 1951 1851 1983 aut

400 2038 478 2081 pro
509 2023 587 2066 illo
618 2025 803 2080 supponi
832 2026 987 2080 potuit,
1049 2023 1140 2065 Iam
1173 2023 1361 2065 hominis
1396 2022 1586 2073 mentio,
1630 2029 1678 2062 ut
1719 2035 1852 2077 supra

401 2104 613 2158 exposui,
652 2102 734 2144 hoc
774 2102 872 2144 loco
914 2116 1011 2145 esse
1045 2116 1131 2143 non
1173 2109 1341 2157 potest,
1379 2102 1469 2152 rei,
1509 2113 1602 2156 quae
1634 2100 1852 2141 contineat

400 2182 726 2232 defensionem,
780 2189 937 2236 potest.
1031 2181 1182 2237 Itaque
1231 2180 1507 2234 transpositis
1553 2179 1598 2218 in
1641 2178 1853 2233 scriptura

400 2257 676 2299 Coloniensis
707 2258 866 2299 codicis
896 2259 1060 2309 literis,
1091 2272 1185 2313 quae
1216 2272 1409 2313 persaepe
1438 2272 1462 2297 a
1484 2255 1638 2296 scribis
1656 2263 1853 2309 transpo-

401 2343 574 2386 nuntur,
606 2334 697 2376 haec
726 2336 863 2376 oritur
890 2335 1021 2376 lectio
1043 2333 1271 2375 admodum
1289 2333 1550 2389 probabilis:
1578 2345 1646 2372 res
1671 2330 1851 2386 publica

400 2414 624 2461 exsolvet,-
676 2412 754 2453 sed
793 2411 929 2453 deleri
969 2420 1060 2453 tum
1102 2412 1452 2468 praepositionem
1499 2424 1604 2451 usus
1643 2408 1852 2465 loquendi

399 2491 521 2534 iubet
548 2490 751 2546 (debebat
780 2490 936 2532 saltem
967 2504 1063 2531 esse
1088 2493 1155 2544 e),·
1191 2491 1235 2530 in
1253 2488 1364 2530 falsa
1388 2489 1692 2530 terminatione
1711 2486 1851 2540 verbi,

401 2578 609 2627 sequente
642 2568 770 2610 litera
803 2583 855 2619 a,
888 2569 1080 2610 lateatne
1110 2582 1349 2623 pronomen
1384 2572 1494 2622 ipsa,
1525 2569 1737 2608 incertum
1769 2574 1849 2607 est.

399 2648 547 2705 Magis
584 2646 790 2690 affirmari
821 2661 948 2704 posse
994 2647 1163 2688 videtur
1202 2648 1254 2688 de
1300 2647 1437 2688 altera
1480 2647 1755 2696 coniectura,
1795 2644 1848 2685 ad

401 2727 533 2770 finem
561 2727 768 2769 orationis
798 2727 1056 2783 pertinente,
1090 2740 1182 2782 quae
1213 2727 1342 2766 etiam
1361 2725 1620 2765 Heumanno
1652 2725 1695 2764 in
1729 2736 1848 2764 men-

402 2815 488 2847 tem
523 2806 657 2847 venit.
746 2804 957 2846 Extrema
1000 2807 1111 2846 enim
1151 2805 1367 2846 sententia
1402 2813 1490 2845 est:
1540 2801 1725 2843 Habetis
1756 2815 1848 2843 enm

404 2886 638 2931 consulem,
685 2888 761 2940 φα·
792 2889 835 2924 et
869 2898 1025 2939 parere⁷
1061 2887 1212 2925 vestris»
1254 2883 1439 2925 decretis
1482 2895 1564 2924 non
1606 2879 1773 2923 dubitet
1806 2885 1848 2922 et
