1981 3390
1482 208 1544 256 71

162 340 202 370 et
240 331 469 372 virtutibus
503 329 724 371 obscurari
758 328 967 379 debeant,
1001 328 1171 369 dicitur.
1241 329 1348 377 Qnae
1384 330 1421 368 si
1454 331 1613 377 omnia,

158 422 244 448 non
275 409 370 449 dico
408 409 462 449 ad
495 416 660 449 certum
696 407 930 456 hominem,
973 407 1050 447 sed
1077 407 1130 447 ad
1162 420 1295 447 unum
1321 404 1614 455 retulerimus,

160 494 249 527 tota
291 487 524 542 disputatio
565 485 738 526 Horatii
779 492 1066 540 pervertetur.
1141 483 1235 526 Nec
1275 492 1389 534 erat,
1434 497 1510 524 cur
1551 497 1609 523 ex

158 555 481 619 suis‘aliquem
524 565 803 619 maximeque
843 562 1083 618 Virgilium
1117 561 1331 618 deligeret
1375 570 1417 603 et
1450 562 1609 616 impor-

156 649 260 682 tuna
292 640 524 683 sedulitate
566 650 608 683 et
648 640 794 683 officio
835 641 1062 682 ferendum
1096 653 1191 680 esse
1227 640 1417 681 doceret.
1496 638 1609 681 Nam

155 718 267 774 quod
294 721 482 773 pulsari,
518 721 561 761 id
594 729 674 769 est,
713 721 756 759 in
791 718 951 760 malam
983 728 1152 775 partem
1180 720 1317 773 tangi,
1348 717 1464 759 Acro
1493 717 1611 767 dicit,

157 811 335 850 prorsus
367 799 445 837 toti
480 797 576 839 loeo
614 805 844 852 repugnat.
907 797 978 837 Ex
1009 799 1088 847 iis,
1133 810 1226 851 quae
1258 797 1351 836 dixi
1386 795 1439 836 de
1474 796 1611 835 nomi-

157 888 258 916 num
298 873 495 916 fictorum
535 889 641 924 usu,
685 875 772 914 iam
813 882 1010 927 apertum
1057 881 1146 923 est,
1193 872 1294 927 quid
1337 873 1523 912 sentiam
1556 871 1609 912 de

158 951 400 994 §Veicherti
431 949 650 1006 opinione,
689 952 732 991 in
766 951 964 991 secundae
1007 952 1151 991 satirae
1182 965 1223 990 v.
1253 951 1309 991 67
1341 959 1440 1005 post
1471 949 1610 991 Acro-

155 1043 252 1069 nem
296 1037 338 1068 et
377 1027 655 1069 scholiastam
699 1026 994 1084 Cruquianum
1033 1028 1343 1083 Longarenum
1393 1027 1608 1069 Milonem

153 1120 250 1147 esse
294 1107 511 1161 putantis,
556 1120 684 1162 quem
729 1121 920 1161 proceru¹
959 1115 1136 1148 staturae
1180 1107 1317 1147 fuisse
1357 1106 1490 1161 (quod
1531 1120 1608 1161 per

150 1198 196 1225 se
229 1199 333 1225 sane
373 1198 461 1225 non
506 1185 646 1240 magis
678 1199 816 1240 nego,
864 1199 992 1240 quam
1027 1183 1250 1236 affirmo),
1291 1182 1475 1240 mirifice
1507 1197 1607 1224 con-

153 1262 287 1303 cludit
320 1277 380 1304 ex
409 1276 490 1314 eo,
542 1262 656 1317 quod
697 1260 851 1304 Cicero
886 1264 938 1304 ad
980 1262 1115 1305 Attic.
1147 1262 1226 1304 lib.
1252 1262 1318 1305 VI
1352 1276 1420 1316 ep.
1448 1263 1478 1302 4
1508 1269 1550 1301 et
1580 1261 1609 1301 5

151 1355 250 1381 eum
293 1349 405 1382 tecto
444 1342 618 1381 nomine
662 1335 744 1383 τόν
775 1336 1102 1398 Κροτωνιάτην
1131 1340 1350 1397 appellat,
1398 1341 1522 1396 quasi
1563 1340 1608 1380 id

150 1433 236 1460 non
269 1418 322 1459 ad
366 1432 522 1459 nomen
565 1418 750 1459 celebris
783 1419 958 1461 athletae
1001 1428 1044 1461 et
1086 1419 1140 1459 ad
1184 1426 1394 1474 perpetua
1426 1417 1607 1459 Milonis

150 1497 387 1537 certamina
432 1496 817 1552 fortitudinemque
869 1505 1048 1553 spectet.
1137 1495 1248 1548 (Qui
1288 1496 1441 1537 ludere
1483 1494 1608 1545 velit,

149 1588 341 1630 quaerere
385 1589 445 1615 ex
487 1574 744 1617 Weicherto
777 1576 938 1630 possit,
988 1575 1102 1616 unde
1129 1576 1262 1624 sciat,
1299 1575 1443 1630 ipsum
1483 1573 1608 1614 illum

149 1652 447 1694 Crotoniatam
496 1667 687 1708 procerae
738 1662 913 1695 staturae
957 1654 1118 1702 fuisse;
1169 1667 1269 1693 nam
1310 1651 1438 1693 multi
1483 1650 1609 1692 brevi

149 1745 328 1786 corpore
372 1730 663 1772 robustissimi
705 1735 840 1783 sunt.)
924 1732 1010 1774 Sed
1057 1732 1258 1788 quamvis
1303 1730 1414 1772 Milo
1449 1729 1607 1784 longus

148 1791 399 1865 fueritsqui
430 1810 615 1852 Horatio
644 1810 688 1849 in
721 1817 910 1851 mentem
941 1812 1078 1861 venit,
1110 1824 1239 1865 quum
1264 1808 1445 1867 longum
1463 1809 1606 1849 dicere

149 1887 298 1938 vellet,
329 1888 373 1929 id
399 1896 479 1938 est,
502 1886 732 1938 Milonem,
765 1885 934 1944 fingere
956 1903 1108 1930 vocem
1129 1888 1370 1928 inauditam
1405 1895 1447 1927 et
1477 1900 1604 1941 quani

149 1979 276 2005 nemo
305 1964 604 2019 intelligeret?
634 1964 747 2005 Nam
780 1966 895 2018 quod
926 1966 1208 2006 Weichertus
1238 1978 1395 2004 nomen
1423 1961 1606 2004 ridicule

151 2040 343 2082 effictum
392 2041 518 2090 dicit,
566 2041 667 2094 quid
724 2039 885 2082 habent
934 2040 1107 2081 ridiculi
1157 2041 1296 2081 literae
1338 2040 1605 2096 syllabaeque

150 2118 313 2158 nullius
358 2117 721 2172 significationis?
786 2115 936 2173 Itaque
982 2118 1272 2174 Longarenus
1332 2132 1488 2159 nomen
1540 2126 1604 2159 est

150 2196 335 2236 hominis
380 2196 618 2249 proprium.
695 2193 783 2243 Qui
828 2204 972 2236 autem
1015 2196 1182 2237 scholia
1222 2196 1275 2236 ad
1310 2195 1424 2237 hunc
1458 2196 1603 2237 locum

147 2274 418 2328 inspexerit,
462 2274 500 2312 is
550 2271 737 2322 videbit,
788 2286 870 2323 ea,
922 2287 1016 2327 quie
1059 2275 1104 2314 in
1143 2273 1270 2314 libris
1315 2274 1367 2315 de
1408 2276 1605 2330 personis

146 2351 399 2393 Horatianis
435 2350 714 2405 legerentur,
743 2352 850 2391 inire
882 2349 934 2392 ab
966 2352 1186 2393 inferioris
1219 2352 1358 2393 aetalis
1390 2367 1604 2409 gramma-

147 2432 244 2486 ticis
296 2430 478 2470 confusa
524 2438 567 2470 et
614 2427 866 2485 perturbata
909 2444 1032 2481 esse,
1085 2432 1159 2487 qui
1207 2445 1337 2486 quum
1375 2430 1603 2483 Milonem,

147 2509 317 2549 Faustae
370 2509 598 2557 maritum,
654 2509 922 2549 nominatum
969 2508 1031 2550 ibi
1075 2510 1364 2564 reperissent,
1409 2525 1507 2551 eum
1559 2513 1599 2551 in

95 2573 105 2578 „
146 2586 319 2628 Horatii
351 2600 522 2642 quoque
557 2585 691 2627 verba
722 2586 884 2628 inferre
910 2588 1179 2639 studuerint,
1213 2587 1288 2629 ubi
1317 2587 1401 2629 soli
1432 2588 1601 2629 moechi

145 2673 259 2705 sunt.
320 2663 472 2719 Itaque
501 2663 581 2706 sub
615 2664 802 2707 Acronis
827 2668 1001 2707 nomine
1031 2666 1119 2708 alia
1150 2675 1217 2708 est
1246 2668 1467 2708 adnotatio
1506 2667 1592 2709 Vil-

147 2743 248 2784 lium
278 2757 373 2786 cum
401 2742 546 2785 Annio
573 2744 635 2798 (id
667 2752 764 2794 est,
794 2743 940 2787 Annio
976 2745 1164 2800 Milone)
1200 2746 1480 2787 confundens.
