1981 3390
418 282 517 331 376

354 402 497 442 minus
531 399 723 441 studiose
751 397 1076 451 lectitarentur,
1108 400 1250 441 minus
1280 401 1435 451 etiam,
1471 412 1596 455 quam
1621 402 1667 442 in
1698 401 1800 443 reli-

354 477 475 532 quis,
519 478 678 518 criticae
709 490 877 530 operae,
920 490 1014 531 quae
1052 477 1226 531 quidem
1264 476 1485 519 fructuosa
1513 486 1652 530 esset,
1683 480 1802 533 posi-

354 561 471 602 tum3
513 555 659 609 itaque
700 552 888 608 plurima
932 559 976 592 et
1016 554 1275 607 gravissima
1317 554 1472 596 menda
1507 553 1605 596 tolli
1644 569 1704 596 ex
1742 556 1800 596 iis

352 643 504 683 posse,
536 631 574 670 si
605 631 699 684 quis
732 629 923 669 codicem
964 642 989 668 a
1020 630 1355 681 recentissimis,
1396 630 1552 686 quibus
1593 631 1800 687 vulgares

353 704 455 746 libri
507 705 832 755 obsiderentur,
895 704 1306 759 interpolationibus
1355 708 1589 749 immunem
1649 717 1800 750 nactus

354 790 483 822 esset.
546 780 703 822 Talem
733 790 876 821 autem
908 782 1199 823 Parisiensem
1235 781 1362 822 illum
1403 795 1499 823 esse
1539 797 1625 824 non
1658 785 1801 826 solum

352 859 450 913 ipsa
478 859 712 914 antiquitas
743 857 1022 910 ostendebat,
1050 881 1104 889 —-
1134 859 1239 899 noni
1268 859 1383 900 enim
1412 859 1549 899 seculi
1578 860 1801 902 dicebatur

354 947 474 985 esse,
506 948 586 975 nec
617 935 670 976 ab
703 936 905 988 opinione
938 949 1106 990 magna:
1138 944 1254 977 certe
1281 938 1509 978 vetustatis
1542 935 1801 978 abhorrebat

354 1010 569 1052 vocabula
599 1011 816 1054 scribendi
845 1020 1045 1053 constans
1073 1013 1210 1062 ratio,
1247 1034 1304 1043 —
1343 1027 1494 1054 verum
1531 1015 1662 1054 etiam
1691 1012 1800 1054 mul-

354 1095 497 1129 torum
525 1087 720 1130 locorum
761 1090 974 1144 scriptura
1017 1090 1163 1129 statim
1198 1088 1516 1143 patefaciebat,
1547 1091 1608 1130 ita
1641 1104 1667 1131 a
1698 1089 1800 1130 reli-

355 1178 537 1220 quoru1n
565 1164 753 1207 lectione
780 1165 1030 1216 discedens,
1062 1172 1111 1204 ut
1141 1178 1290 1206 eorum
1307 1167 1463 1219 partim
1482 1175 1629 1222 aperta
1646 1167 1802 1207 menda

353 1241 529 1283 tolleret
559 1244 716 1298 partim
744 1241 914 1283 occulta
945 1249 1018 1282 aut
1051 1242 1287 1297 corrigeret
1319 1250 1393 1284 aut
1409 1251 1612 1298 argueret
1628 1243 1797 1292 saltem,

353 1327 698 1374 congrueretque
731 1319 823 1360 fere
868 1333 965 1360 cum
1016 1320 1072 1360 iis
1113 1319 1308 1361 melioris
1347 1320 1521 1373 generis
1565 1319 1800 1369 codicibus,

354 1408 535 1450 quorum
569 1403 644 1436 aut
671 1397 718 1436 in
750 1405 959 1451 apparatu
991 1398 1139 1438 critico
1166 1395 1426 1438 Gruteriano
1449 1409 1547 1437 rara
1572 1396 1800 1437 admodum

356 1471 400 1511 et
431 1486 584 1526 parum
616 1471 806 1529 diligens
837 1473 1042 1515 exstabat
1071 1475 1258 1523 mentio,
1307 1471 1430 1514 velut
1460 1472 1619 1514 codicis
1651 1473 1799 1514 Sancti

354 1547 548 1590 Victoris
588 1557 632 1591 et
673 1548 1002 1592 Gemblacensis
1041 1566 1068 1592 a
1108 1548 1329 1590 Gulielmo
1368 1547 1685 1601 adhibitorum,
1726 1558 1800 1590 aut

355 1623 462 1665 alibi
496 1627 684 1681 vestigia
723 1635 1002 1682 supererant,
1046 1625 1168 1667 velut
1205 1627 1252 1667 in
1284 1625 1474 1666 editione
1501 1625 1800 1681 Hervagiana,

355 1715 440 1756 qua
470 1701 665 1743 Orellius
703 1717 840 1759 nuper
870 1703 1016 1760 aliquo
1052 1718 1148 1745 cum
1180 1703 1325 1744 fructu
1355 1716 1460 1743 usus
1493 1711 1599 1743 erat.
1655 1701 1798 1744 Huius

354 1780 489 1834 igitur
521 1779 680 1821 codicis
711 1794 815 1835 ope,
847 1782 968 1821 cuius
1001 1788 1144 1821 tamen
1177 1793 1264 1820 non
1291 1778 1421 1832 plane
1452 1778 1601 1819 eadem
1628 1787 1693 1820 est
1722 1793 1799 1833 per

357 1871 506 1897 omnes
546 1858 765 1898 orationes
808 1859 1056 1911 praestantia
1078 1858 1145 1909 ¹),
1190 1854 1419 1907 adhibitis,
1461 1869 1554 1910 quae
1589 1865 1801 1911 practerea

355 1945 506 1989 sparsa
539 1933 608 1974 hic
638 1932 730 1974 illic
761 1943 905 1986 erant,
937 1935 1178 1991 praesidiis,
1211 1933 1265 1975 ad
1295 1946 1388 1988 quoe
1416 1934 1504 1973 iam
1536 1942 1626 1974 tum
1657 1946 1801 1974 acces·

355 2019 470 2052 serat
499 2010 767 2053 Erfurtensis
798 2013 956 2054 codicis
989 2011 1165 2054 collatio
1191 2010 1517 2063 VVundet-iana,
1545 2025 1652 2054 mox
1685 2011 1801 2052 adie-

356 2096 450 2129 ctus
483 2097 548 2129 est
579 2087 845 2130 Scholiastes
879 2090 1119 2132 Vaticanus
1162 2105 1187 2131 a
1228 2090 1350 2133 Maio
1394 2091 1560 2140 editus,
1599 2087 1677 2130 has
1706 2102 1802 2129 ora-

356 2167 496 2206 tiones
540 2165 659 2207 horis
704 2165 870 2222 aliquot
914 2166 1146 2209 subcisivis
1192 2169 1421 2212 emendare
1468 2169 1616 2221 coepi,
1665 2164 1801 2207 multa

384 2319 423 2362 ²)
448 2319 660 2365 Krarupius
695 2321 873 2364 adnotat,
907 2323 1034 2367 plures
1068 2334 1154 2358 eum
1185 2323 1374 2369 scripsisse
1411 2322 1653 2368 singulosque
1683 2320 1805 2355 libra-

448 2379 524 2413 rios
557 2391 678 2424 pauca
710 2383 876 2425 quaedam
910 2383 948 2416 in
986 2383 1260 2428 orthographia
1294 2388 1476 2425 mutasse3
1514 2393 1630 2416 unum
1663 2380 1802 2424 ubique

447 2440 568 2480 michi,
594 2441 708 2474 nichil
731 2442 932 2486 scripsisse,
959 2442 1073 2475 alium
1101 2454 1120 2475 e
1147 2446 1184 2476 ct
1211 2446 1224 2476 t
1249 2442 1378 2477 literas
1404 2447 1647 2487 permutasse,
1675 2451 1802 2475 omnes

451 2512 539 2535 vero
569 2505 583 2534 t
609 2505 646 2535 et
668 2502 715 2542 (Ι,-
753 2502 959 2536 orationem
995 2513 1062 2547 pro
1089 2502 1210 2536 Balbo
1236 2503 1356 2537 multo
1385 2502 1506 2537 minus
1535 2505 1710 2537 accurate
1736 2501 1801 2535 de—

448 2562 627 2607 scriptam
651 2573 748 2604 esse,
791 2566 832 2597 ut
864 2562 1037 2596 videatur
1071 2562 1249 2596 librarius
1286 2563 1476 2607 exemplar
1513 2562 1667 2595 difficile
1700 2562 1801 2595 lectu

448 2626 535 2656 ante
561 2623 688 2657 oculos
707 2622 895 2657 habuisse.
953 2623 1052 2657 Sane
1080 2624 1200 2657 multo
1229 2624 1313 2668 plus
1340 2625 1397 2656 vc!
1422 2623 1493 2657 hoc
1519 2623 1688 2657 adhibito
1712 2622 1799 2656 sub-

447 2682 543 2717 sidio
577 2683 624 2717 ad
659 2682 738 2718 eius
776 2682 955 2718 orationis
981 2683 1300 2724 emendationem,
1338 2695 1449 2728 quam
1477 2685 1524 2717 ad
1555 2683 1800 2728 reliquarum,

446 2743 700 2785 desideratur,
741 2743 962 2789 videturque
997 2754 1042 2778 ea
1067 2744 1186 2778 oratio
1222 2748 1257 2778 ot
1292 2745 1543 2789 antiquiorem
1571 2744 1713 2777 habere
1741 2743 1797 2776 in-

447 2804 736 2849 terpolationem
778 2807 813 2838 et
849 2816 890 2838 cx
925 2804 1184 2848 depravantur
1222 2805 1369 2841 codice.
1416 2816 1527 2850 quam
1572 2807 1726 2846 ceterae,
1761 2803 1797 2837 in

444 2864 691 2901 l'arisienscm
716 2866 957 2911 transscripta
982 2876 1068 2901 esse.
