1981 3390
0 2229 7 2366 *aa-75:⁴³<
0 2182 7 2227 „aa
0 2138 8 2177 :a

1477 252 1576 301 313

195 374 248 415 Et
278 376 514 428 primorum
545 373 717 429 quidem
751 374 953 427 quattuor
986 383 1189 412 versuum
1217 373 1435 413 sententia
1462 371 1646 414 obscura

196 465 282 492 non
312 461 404 503 est;
447 465 506 492 ex
535 450 716 504 Epicuri
745 450 859 489 enim
894 449 1114 500 doctrina,
1159 463 1288 504 quum
1324 450 1461 489 omnis
1492 456 1647 491 natura

197 530 442 570 ex-atomis
474 529 694 582 (corpore)
735 534 778 566 et
817 528 938 566 inani
971 527 1184 581 separatis
1222 534 1463 576 constaret,
1504 528 1542 566 si
1575 541 1650 567 na-

198 614 294 646 tura
326 604 449 645 finita
478 613 616 654 esset,
661 619 713 644 ea
754 618 854 659 pars
888 605 1007 654 eius,
1056 617 1149 658 quae
1189 616 1368 658 corpore
1416 613 1649 655 constaret,

201 680 401 722 finiretur
435 683 577 729 inani;
608 681 689 722 hoc
718 690 862 722 autem
893 682 1050 735 ipsum,
1084 688 1130 720 ut
1159 694 1255 720 esse
1287 679 1455 721 finitum
1486 689 1649 736 posset,

199 758 406 810 haberet,
451 774 534 814 quo
567 758 789 806 finiretur3
827 758 869 798 id
912 766 1027 798 esset
1058 759 1303 798 necessario
1334 772 1517 812 corpus,·
1562 760 1648 800 iam

199 836 281 877 hoc
324 851 503 891 corpus,
552 837 665 891 quod
708 837 838 875 inane
881 833 1052 884 finiret,
1093 836 1248 875 iterum
1282 837 1423 890 ipsum
1454 835 1652 877 finiretur

199 915 344 962 inani3
374 916 584 967 existeret
606 914 741 968 igitur
772 912 1023 951 vicissitudo
1053 920 1278 965 perpetua,
1309 911 1481 951 infinita
1507 914 1653 953 onmia

199 992 398 1033 reddens.
455 991 622 1031 Verum
657 989 710 1028 de
741 986 910 1027 duobus
939 988 1155 1041 proximis
1187 988 1385 1028 versibus
1417 1002 1652 1044 eorumque

201 1082 297 1108 cum
331 1068 411 1116 iis,
445 1068 519 1120 qui
549 1079 624 1105 eos
657 1065 899 1118 excipiunt,
929 1065 1233 1106 coniunctione
1260 1065 1388 1106 valde
1407 1065 1653 1115 dubitatur-3

200 1147 347 1199 itaque
378 1142 499 1184 nulla
527 1142 888 1197 interpunctionis
918 1142 1044 1195 signa
1076 1143 1215 1196 posui.
1292 1142 1494 1184 Affirmat
1522 1144 1651 1185 Lam-

204 1222 356 1271 binus,
399 1222 437 1261 si
483 1221 578 1274 quis
623 1218 745 1258 locus
778 1220 822 1258 in
853 1217 934 1258 hoc
965 1217 1078 1258 libro
1109 1218 1297 1260 difficilis
1330 1222 1387 1260 sit
1423 1229 1465 1260 et
1494 1221 1653 1262 obscu-

203 1313 302 1349 rus,
354 1297 467 1338 hunc
508 1310 618 1336 esse.
695 1296 782 1336 Sed
824 1304 993 1345 tamen,
1035 1296 1088 1336 de
1133 1311 1216 1351 qua
1257 1312 1303 1337 re
1350 1307 1529 1353 agatur,
1575 1313 1654 1340 nec

208 1390 306 1416 eum
342 1388 420 1414 nec
452 1373 563 1414 alios
595 1373 841 1427 superiores
871 1373 1129 1427 interpretes
1159 1373 1336 1422 fefellit3
1370 1383 1435 1415 est
1467 1377 1580 1416 enim
1612 1386 1654 1426 et

206 1468 284 1507 per
317 1466 364 1492 se
398 1459 593 1505 apertum
635 1458 677 1490 et
708 1451 968 1503 comparatis
1002 1450 1180 1504 Epicuri
1213 1451 1358 1492 verbis
1390 1454 1432 1492 in
1469 1453 1654 1508 epistola

206 1529 261 1570 ad
306 1528 575 1568 Herodotum
626 1527 755 1580 (apud
801 1526 933 1581 Diog.
979 1527 1125 1567 Laert.
1170 1528 1241 1578 X,
1282 1530 1362 1579 41,
1404 1531 1477 1579 42)
1517 1533 1656 1586 magis

207 1607 338 1647 etiam
370 1612 502 1659 patet.
575 1602 782 1658 Relinqui
811 1604 855 1643 in
888 1603 966 1643 illo
1000 1614 1256 1658 argumento
1289 1605 1502 1660 Epicurus
1534 1616 1659 1662 puta-

208 1682 306 1732 bat,
348 1690 407 1721 'ut
450 1681 612 1721 diceret
650 1679 836 1735 aliquis,
874 1694 961 1721 non
1003 1689 1146 1721 tamen
1190 1690 1416 1737 utramque
1460 1694 1658 1727 naturam

207 1758 422 1800 infinitam
456 1771 576 1807 esse,
620 1757 696 1798 sed
729 1766 803 1798 aut
834 1771 989 1812 corpus
1022 1761 1283 1809 (atomorum
1317 1760 1658 1815 multitudinem)

212 1838 332 1878 inani
354 1834 485 1884 finiri,
517 1836 577 1875 ita
594 1842 641 1875 ut
664 1834 1023 1876 inaneinfinitum
1044 1844 1228 1890 pateret,
1251 1845 1324 1876 aut
1346 1839 1475 1878 inane
1490 1838 1662 1881 finitum

212 1928 391 1969 corpore
433 1914 527 1952 sine
562 1910 649 1951 fine
682 1913 847 1966 patenti
886 1912 1049 1960 claudi3
1092 1914 1239 1967 itaque
1272 1923 1471 1955 neutrum
1507 1916 1660 1958 horum

213 1989 322 2045 fingi
365 2003 492 2043 posse
522 1987 845 2029 demonstrabat
866 1991 920 2039 1).
987 1990 1072 2030 Sed
1106 1990 1218 2042 apud
1248 1989 1499 2032 Lucretium
1530 2008 1660 2047 quum

211 2081 342 2108 versu
373 2067 481 2106 1013
512 2064 629 2114 (Nec
663 2079 781 2105 mure
810 2078 890 2105 uec
919 2066 1048 2106 lellus
1079 2070 1179 2118 etc.)
1207 2075 1249 2106 et
1275 2070 1485 2121 proximis
1516 2080 1662 2125 aperte

215 2144 486 2183 contineatur
519 2141 657 2181 altera
690 2156 790 2196 pars
834 2144 1060 2183 sententiae
1093 2143 1404 2198 hypotheticae‚
1447 2146 1663 2189 describa-

214 2230 393 2274 turque,
448 2218 547 2273 quid
592 2219 783 2259 futurum
825 2221 906 2270 sit,
952 2221 988 2260 si
1033 2218 1157 2261 finita
1203 2224 1393 2276 corporis
1434 2222 1664 2266 multitudo

217 2299 415 2352 cingatur
442 2293 612 2336 infinito
643 2297 786 2346 inani,
827 2295 1073 2348 haerebant,
1120 2311 1260 2354 quum
1286 2298 1413 2339 huius
1441 2303 1664 2342 sententiae

215 2375 434 2429 protasin,
474 2371 732 2427 hypothesin
762 2375 1078 2425 continentem,
1120 2388 1177 2415 ex
1207 2374 1299 2416 illis
1332 2375 1500 2418 duobus
1530 2381 1666 2420 versi-

245 2547 285 2590 ¹)
310 2548 381 2580 Ka!
400 2542 471 2589 μὴν
490 2550 547 2581 καὶ
574 2545 623 2590 τῷ
652 2544 788 2590 πλήθει
811 2542 881 2582 τῶν
903 2543 1072 2592 σωμάτων
1091 2543 1238 2593 ἄπειρόν
1256 2547 1329 2583 ἔστι
1357 2544 1397 2582 ‘td
1427 2544 1500 2583 πᾶν
1529 2554 1586 2583 καὶ
1613 2549 1666 2594 τῷ

309 2608 457 2650 μεγέθει
486 2606 548 2642 τοῦ
577 2603 688 2641 κενοῖ·
714 2608 782 2641 εἴτε
804 2606 870 2654 γάρ
900 2602 940 2642 ἶν
968 2607 1011 2643 τὸ
1041 2607 1143 2642 κενὸν
1170 2605 1339 2653 ἄπειρον,
1373 2606 1417 2642 τοὶ
1449 2607 1486 2642 δὲ
1514 2608 1664 2652 σώματα

314 2663 506 2712 ιῦρισμὲνα,
542 2665 702 2711 οὐδαμοῦ
729 2664 774 2702 ἂν
805 2667 906 2710 ,ζ’μενε
935 2666 980 2702 τοὶ
1012 2667 1186 2712 σώματα,
1227 2667 1304 2703 ἀλλ’
1336 2668 1481 2713 ἐφέρετο
1510 2667 1598 2703 κατά
1623 2669 1663 2704 τὸ

311 2722 460 2770 ἄπειρον
474 2724 574 2760 κενὸν
586 2725 824 2772 διεσπαρμένα
838 2755 847 2771 ,
876 2724 935 2762 ofin
956 2728 1077 2770 ὄζοντα
1094 2727 1137 2763 τά
1158 2727 1328 2774 ἱπερείὸοι
1338 2743 1380 2762 τα
1401 2731 1463 2762 καί
1477 2728 1664 2764 στέλλοντα

312 2785 404 2820 κατά
437 2784 499 2821 τοῖς
527 2782 718 2821 ἀνακοπάς·
752 2788 822 2822 εἴτε
853 2786 894 2822 τὸ
924 2786 1024 2823 κενὸν
1053 2781 1098 2832 ἦν
1126 2787 1339 2833 ὡρισμένον,
1384 2786 1428 2822 ‘ni
1459 2787 1496 2824 δὲ
1521 2788 1668 2833 σώματα

309 2844 458 2892 ἄπειρα,
484 2842 544 2880 οὔκ
568 2842 612 2881 ἂν
634 2847 704 2888 εἶ’χε
730 2845 772 2882 τοὶ
797 2844 929 2890 ἄπειρα
953 2845 1118 2892 σώματα,
1143 2845 1230 2884 ὅπου
1259 2847 1302 2883 ἄν
1324 2848 1417 2890 ἵστη.
