1981 3390
1467 251 1564 302 209

184 368 313 412 Italia
346 368 496 413 seculo
538 376 669 410 sexto
709 368 876 410 decimo
924 369 968 408 in
1010 367 1160 423 populi
1201 368 1385 411 Romani
1423 374 1633 414 institutis

186 447 458 500 exponendis
488 445 782 496 elaborarunt,
814 444 1059 486 Manutium
1095 454 1137 486 et
1169 446 1414 501 sigonium,
1448 463 1555 504 quos
1589 461 1631 490 et

180 524 352 578 plenam
392 526 485 565 eius
530 525 595 563 rei
636 522 844 576 publicae,
891 525 1012 564 cuius
1051 526 1303 565 memoriam
1344 525 1631 575 renovabant,

184 603 417 658 imaginem
448 602 592 641 animo
627 600 856 660 complecti
890 601 1080 641 voluisse
1111 611 1289 656 apparet
1324 611 1366 643 et
1397 605 1441 643 in
1475 603 1629 658 quibus

177 687 429 732 perpetuam
462 678 676 734 quandam
709 679 894 732 antiquoe
921 677 1183 732 prudentiae,
1214 682 1344 721 etiam
1372 679 1446 721 ubi
1476 696 1628 736 parum

178 769 388 811 apparere
418 756 557 796 videri
587 764 756 811 potest,
802 756 1129 797 admirationem
1168 766 1352 799 excusat
1386 767 1627 813 temporum

176 833 354 875 illorum
396 833 616 883 condicio,
666 848 752 874 non
790 847 894 874 sane
932 835 993 874 ita
1040 833 1166 874 multi
1209 848 1268 875 ex
1307 835 1545 892 philologis
1585 848 1626 878 et

176 912 283 952 iuris
325 911 511 952 Romani
553 910 862 966 interpretibus
911 911 1181 964 superiorum
1236 912 1509 963 seculorum,
1554 917 1628 968 qui

175 989 445 1043 antiquitatis
487 987 694 1032 Romanae
750 985 1022 1041 explicandae
1072 987 1214 1027 studia
1268 988 1454 1043 professi
1511 1000 1625 1040 sunt,

174 1066 447 1120 perspicuam
486 1063 610 1104 illam
644 1071 688 1104 et
727 1065 1010 1118 compositam
1053 1077 1230 1104 summae
1270 1067 1334 1105 rei
1373 1067 1624 1123 intelligen-

172 1143 277 1182 tiam
320 1142 545 1197 expetisse
588 1141 815 1192 videntur,
868 1142 928 1181 ita
977 1149 1024 1181 ut
1075 1143 1189 1183 inter
1228 1151 1394 1185 ceteros
1436 1146 1626 1186 emineat

173 1217 406 1269 Beaufort,
439 1217 618 1269 Gallus,
651 1218 779 1259 homo
812 1217 1056 1273 elegantior
1085 1234 1213 1274 quam
1243 1221 1424 1273 doctior,
1456 1223 1623 1278 perspi-

173 1297 333 1337 cuitate
363 1304 405 1336 et
431 1296 581 1336 ordine
616 1298 756 1350 magis
802 1310 929 1350 quam
969 1310 1113 1336 rerum
1141 1299 1480 1353 investigatione
1510 1315 1623 1342 com-

174 1373 416 1414 mendatus.
481 1372 634 1428 Itaque
676 1375 712 1412 si
747 1374 841 1427 quis
874 1372 1028 1413 horum
1069 1373 1273 1415 adhibitis
1306 1377 1478 1432 scriptis
1507 1391 1622 1432 quae-

173 1464 272 1490 rere
299 1450 558 1499 instituerit,
607 1450 966 1505 quemadmodum
1010 1452 1054 1490 in
1099 1454 1236 1492 veteri
1278 1454 1459 1508 imperio
1504 1463 1546 1495 et
1576 1470 1622 1496 re

170 1525 346 1581 publica
374 1527 573 1566 instituta
616 1526 704 1567 alia
745 1541 805 1567 ex
846 1527 945 1568 aliis
974 1536 1074 1582 apta
1103 1528 1292 1580 fuerint,
1337 1545 1421 1585 qua
1452 1534 1622 1572 ratione

172 1617 231 1644 ex
262 1603 437 1643 diversa
478 1605 647 1658 origine
686 1603 951 1654 coaluerint,
991 1619 1170 1661 quaeque
1202 1621 1260 1647 ex
1292 1608 1492 1649 omnibus
1522 1623 1622 1650 con-

170 1681 327 1721 iunctis
366 1678 577 1721 efficiatur
613 1681 743 1736 plena
785 1683 850 1722 rei
889 1681 1073 1737 publicae
1115 1684 1254 1725 forma
1294 1694 1337 1725 et
1373 1686 1621 1741 descriptio,

171 1758 359 1813 primum
390 1771 485 1798 non·
506 1757 688 1799 multum
718 1768 816 1814 post
848 1759 1075 1813 Sigonium
1111 1762 1351 1815 profectum
1384 1765 1429 1803 in
1465 1763 1618 1805 harum

170 1848 314 1876 rerum
341 1836 619 1889 expositione
638 1838 840 1891 reperiet,
873 1837 1027 1878 deinde
1059 1852 1229 1890 vereor,
1262 1853 1315 1879 ne
1346 1839 1434 1880 alia
1466 1855 1618 1895 parum

170 1910 402 1963 cohaerere,
432 1911 520 1953 alia
538 1922 700 1954 naturae
719 1914 810 1954 fere
833 1928 1092 1969 repugnare,
1129 1917 1181 1956 de
1215 1916 1436 1957 nonnullis
1465 1931 1618 1971 parum

172 2002 268 2029 esse
302 1990 530 2046 quaesitum
560 1990 746 2039 iudicet,
784 1990 1018 2045 multisque
1053 1992 1191 2032 modis
1221 1992 1466 2045 perturbari
1494 1993 1617 2034 illam

173 2066 361 2120 speciem
405 2066 471 2105 rei
512 2065 696 2120 publicae
741 2065 851 2106 bene
899 2069 1141 2108 constitutae
1182 2078 1400 2123 queratur.
1471 2070 1527 2110 Et
1572 2064 1615 2111 iu

170 2140 270 2182 aliis
317 2141 489 2196 quidem
541 2144 793 2184 memoriam
846 2145 1075 2184 vetustatis
1124 2160 1274 2200 parum
1327 2151 1617 2189 monumentis

168 2215 467 2260 conservatam
509 2218 698 2273 putabit,
750 2222 795 2260 in
845 2220 943 2260 aliis
999 2221 1142 2262 studia
1192 2226 1481 2266 recentiorum
1531 2239 1617 2266 non

166 2304 283 2338 recte
315 2295 540 2336 collocata.
622 2295 694 2335 Ex
733 2295 800 2336 his
839 2306 982 2337 autem
1017 2297 1210 2339 fontibus
1255 2304 1481 2343 materiam
1523 2295 1615 2344 fere

166 2381 466 2428 sumpserunt,
506 2380 621 2412 certe
661 2385 746 2412 non
783 2375 1032 2415 universam
1065 2375 1222 2416 melius
1255 2378 1508 2432 dispositam
1540 2380 1615 2420 ha-

166 2449 351 2492 buerunt
378 2451 434 2501 ii,
479 2451 575 2505 qui,
623 2465 752 2505 quum
794 2453 935 2492 minus
982 2455 1144 2493 versati
1189 2463 1334 2495 essent
1373 2457 1418 2496 in
1459 2457 1614 2496 studiis

166 2528 434 2582 antiquitatis
479 2541 605 2582 quam
645 2528 688 2568 in
726 2529 955 2581 prudentia
987 2530 1108 2570 civili
1148 2539 1190 2570 et
1227 2533 1271 2571 in
1301 2532 1612 2572 consideranda

163 2617 308 2645 rerum
333 2603 604 2658 publicarum
634 2614 803 2656 natura,
836 2608 1130 2660 praestantiam
1149 2609 1439 2649 institutorum
1463 2608 1612 2663 populi

166 2678 350 2722 Romani
382 2692 826 2724 commemoraverunt
851 2681 905 2736 ¹).

145 2778 149 2781 ”
196 2780 233 2821 ²)
262 2779 500 2824 [Nuperrime
539 2793 580 2815 ex
617 2783 689 2816 hoc
726 2778 864 2828 gen'ere
907 2786 1057 2818 exortus
1098 2787 1152 2818 cst
1198 2783 1235 2818 in
1274 2782 1500 2823 Germania,
1548 2784 1611 2827 qui

259 2849 372 2879 quum
404 2840 538 2875 Latine
573 2852 705 2886 parum
743 2844 876 2883 sciret,
922 2844 1049 2880 Graece
1083 2843 1231 2880 omnino
1264 2844 1445 2879 nesciret.
1487 2848 1609 2879 tamen

1297 2914 1341 2948 1⁸
