1981 3390
448 187 514 235 52

387 321 472 349 non
503 314 650 356 erunt;
693 314 784 349 tota
818 308 934 348 enim
961 309 1079 348 natio
1106 316 1261 349 natura
1303 316 1346 348 et
1384 308 1428 347 in
1461 309 1551 349 vita
1581 309 1828 363 quotidiana

387 385 593 427 comoeda
624 393 717 436 est,
759 393 807 426 ut
837 386 923 440 ipsi
954 384 1143 426 artifices
1186 385 1314 425 huius
1352 387 1526 441 generis
1566 400 1653 426 non
1683 387 1829 427 admo-

384 463 484 504 dum
518 462 739 504 excellere
771 462 1017 504 videantur.
1093 463 1245 504 Restat
1277 464 1323 503 in
1356 478 1399 503 v.
1438 465 1495 504 94
1535 478 1605 505 res
1645 466 1827 515 minuta,

386 540 660 595 expedienda
692 549 837 581 tamen
858 540 931 581 vel
960 541 1074 591 ideo,
1103 549 1150 581 ut
1181 555 1293 582 novo
1323 541 1530 596 exemplo
1562 543 1827 591 ostendatur,

384 632 511 671 quam
539 617 649 657 nihil
682 619 820 671 prosit
849 619 893 657 in
924 618 1206 672 scriptoribus
1236 620 1488 660 enarrandis
1515 620 1694 661 confusa
1715 634 1828 675 quae-

384 695 483 735 dam
498 708 638 735 rerum
661 709 746 735 non
760 703 957 735 accurate
974 694 1293 736 intellectarum
1306 699 1593 738 coacervatio.
1654 697 1830 738 Dorida

384 774 498 812 enim
531 773 650 813 nullo
691 774 850 813 cultam
882 773 1070 827 palliolo
1108 772 1361 827 intelligunt
1400 782 1475 813 aut
1505 774 1710 815 Doricam
1736 789 1830 815 mu—

381 849 535 891 lierem
577 858 651 891 aut
681 858 872 891 scortum
910 849 1082 891 Doricae
1115 850 1312 891 mulieris
1345 856 1464 892 more
1498 852 1684 902 nudum,
1726 852 1828 906 quia

381 927 577 969 Lacaenae
618 927 941 985 φαινομηρίὸες
979 928 1154 969 fuerint.
1221 928 1388 969 Verum
1428 928 1547 970 aliud
1580 937 1646 970 est
1675 944 1830 985 φαινο-

380 1006 550 1062 μηρίὸα
593 1020 689 1047 esse
724 1021 803 1047 nec
843 1008 989 1047 tunica
1031 1005 1221 1062 (χίτωνι)
1251 1008 1314 1047 uti
1345 1009 1489 1061 gentis
1518 1021 1664 1058 more,
1709 1006 1829 1047 aliud

381 1085 554 1125 nudam.
614 1085 700 1127 Sed
730 1085 786 1125 sit
815 1083 897 1125 hoc
929 1099 954 1126 a
981 1093 1111 1140 poeta
1142 1093 1324 1126 tractum
1354 1084 1407 1126 ab
1437 1084 1555 1136 illis,
1601 1086 1675 1140 qui
1700 1084 1827 1125 illum

381 1167 546 1203 morem
574 1161 974 1211 calumniabantur3
1002 1164 1134 1204 iidem
1165 1165 1250 1218 ipsi
1281 1165 1539 1218 interpretes
1573 1163 1699 1217 (adeo
1731 1171 1831 1203 sunt

378 1241 692 1291 inconstantes)
715 1241 962 1293 palliolum,
994 1241 1242 1280 Ferrarium
1277 1248 1319 1280 et
1350 1239 1612 1281 salmasium
1645 1253 1829 1294 sequen-

380 1325 470 1368 tes,
503 1317 656 1371 capitis
690 1324 990 1371 tegumentum
1023 1331 1119 1358 esse
1152 1325 1350 1367 narrant,
1386 1331 1470 1372 quo
1498 1331 1602 1358 sane
1620 1316 1830 1362 Lacaenas

380 1396 520 1450 magis
554 1408 682 1450 quam
715 1394 825 1435 alias
853 1397 1058 1446 caruisse,
1091 1396 1294 1436 traditum
1322 1409 1409 1435 non
1439 1403 1518 1435 est.
1575 1394 1726 1450 Itaque
1750 1409 1830 1435 nu-

381 1473 528 1514 ditatis
561 1480 603 1512 et
634 1472 735 1512 inde
767 1474 898 1513 scorti
930 1471 1194 1528 significatio
1229 1474 1275 1514 in
1315 1473 1410 1514 solo
1443 1472 1621 1513 Doridis
1653 1473 1828 1512 nomine

378 1558 598 1599 remanet,
643 1557 687 1589 et
728 1551 774 1590 in
808 1565 884 1602 ea,
928 1566 1024 1606 quae
1063 1552 1201 1602 nuda,
1249 1559 1364 1593 certe
1396 1565 1483 1591 non
1516 1557 1633 1590 caste
1665 1551 1827 1591 vestita

379 1629 534 1677 fuerit,
580 1635 779 1668 narratur
824 1637 1029 1685 tanquam
1072 1632 1360 1686 praecipnum‚
1411 1638 1539 1684 caput
1577 1635 1828 1683 tegumento

378 1707 585 1747 caruisse.
641 1705 776 1746 Porro
816 1706 998 1762 palliolo
1039 1709 1288 1749 meretrices
1328 1707 1480 1748 solitas
1522 1707 1658 1747 fuisse
1701 1713 1830 1761 caput

380 1783 602 1824 obnubere
645 1783 807 1824 dicunt.
879 1784 1029 1841 Itaque
1071 1786 1159 1827 hoc‘
1184 1786 1280 1827 loco
1314 1787 1524 1826 meretrix
1557 1762 1829 1840 significatur

381 1876 441 1902 ex
474 1861 697 1917 e0,'quod
727 1875 813 1902 non
843 1864 905 1904 ita
930 1865 1089 1904 vestita
1116 1864 1262 1914 fuerit,
1297 1862 1657 1919 quemadmodum
1690 1875 1827 1901 mere—

379 1941 510 1980 trices
542 1938 748 1979 solerent.
803 1939 913 1991 Imo,
944 1941 1160 1996 inquiunt,
1191 1942 1418 1996 impudens
1441 1939 1617 1981 Graecus
1643 1947 1830 1990 notatur,

379 2019 424 2057 in
467 2031 597 2057 scena
625 2016 737 2057 facie
770 2025 920 2072 aperta
959 2019 1053 2058 sine
1095 2017 1278 2073 palliolo
1319 2031 1469 2074 agens.
1546 2016 1654 2066 Quae
1684 2029 1829 2071 quaeso

379 2096 648 2150 impudentia
673 2094 896 2135 histrionis
920 2096 1076 2136 faciem
1106 2110 1192 2136 non
1223 2095 1505 2137 occultantis}
1539 2095 1620 2135 etsi
1641 2093 1831 2135 occulta-

381 2172 456 2213 bat
477 2186 662 2228 persona
676 2202 689 2223 ,
719 2181 768 2212 ut
789 2172 970 2227 palliolo
995 2188 1103 2228 opus
1122 2188 1208 2214 non
1233 2180 1362 2231 esset.
1422 2172 1478 2211 Et
1499 2171 1594 2226 quis
1611 2170 1686 2211 hic
1707 2170 1829 2211 locus

380 2250 604 2292 histrionis
637 2249 838 2299 notandi,
881 2251 954 2304 qui
983 2249 1178 2290 habitum
1211 2250 1265 2290 ad
1298 2257 1472 2304 parteS,
1519 2261 1624 2303 quas
1655 2247 1830 2303 agebat,

382 2326 759 2377 accommodabat,
810 2341 941 2382 quum
982 2326 1157 2368 habitus
1205 2327 1493 2382 descriptione
1534 2334 1686 2380 poeta,
1734 2338 1828 2380 quae

380 2419 567 2462 persona
606 2404 890 2459 intelligenda
932 2406 1014 2455 sit,
1073 2404 1321 2461 significet?
1378 2403 1549 2445 Deinde
1597 2402 1827 2458 palliolum

383 2486 514 2539 capiti
543 2497 684 2540 aegros
707 2491 749 2523 et
773 2482 928 2523 molles
951 2484 1208 2538 imposuisse
1230 2484 1454 2531 novimus3
1484 2481 1618 2533 (vide,
1649 2482 1687 2522 si
1720 2481 1831 2521 tanti

383 2571 474 2612 est,
514 2562 667 2603 Heins.
707 2561 760 2602 ad
795 2561 923 2602 Ovid.
954 2560 1052 2602 Art.
1079 2561 1178 2603 Am.
1213 2561 1258 2614 I,
1295 2562 1402 2609 '7343
1444 2560 1496 2600 de
1527 2557 1828 2600 meretricibus

382 2654 558 2697 prorsus
601 2642 766 2681 incerta
799 2653 867 2680 res
885 2642 915 2690 3)
967 2639 1122 2680 faciem
1163 2654 1214 2680 eo
1255 2638 1512 2680 occultatam
1552 2637 1659 2677 adeo
1701 2649 1827 2676 nemo

384 2720 525 2770 dixit,
556 2727 604 2759 ut
634 2717 907 2774 palliolatum
942 2715 1173 2758 Claudium
1200 2716 1314 2758 ludis
1342 2715 1597 2771 praesedisse
1628 2713 1826 2770 legamus

385 2797 583 2851 (Sueton.
623 2795 776 2839 Claud.
808 2796 894 2849 2.)‚
930 2793 1184 2851 palliolatos
1222 2795 1390 2837 dixisse
1433 2794 1631 2836 homines
1674 2791 1828 2835 molles
