1981 3390
419 253 519 302 360

356 375 401 414 in
433 372 589 428 quibus
620 380 707 414 est:
751 376 879 412 etiam
914 385 1005 413 cum
1032 372 1215 427 aliquid.
1282 371 1417 413 Nulla
1450 379 1515 413 est
1550 373 1664 414 enim
1699 373 1802 415 faci-

355 450 441 491 lior
477 450 671 505 ellipsis,
715 464 841 504 quam
886 458 984 501 post
1019 449 1241 503 generalia
1279 449 1355 490 illa
1398 455 1596 491 avertere
1631 451 1805 504 aliquid

358 527 413 568 de
435 526 615 582 publico
648 525 845 566 solebant
873 525 996 565 verbi
1023 525 1278 566 avertebant
1304 528 1346 566 in
1377 541 1427 567 ea
1460 528 1690 577 sententia,
1721 541 1806 582 qua

359 603 523 658 aliquid
555 602 653 655 plus
688 600 921 654 aliquando
954 600 1115 642 factum
1146 603 1419 653 conceditur,
1453 604 1595 644 addita
1628 617 1807 658 praeser-

357 682 434 721 tim
476 677 690 733 particula
722 680 878 723 estam,-
926 677 1001 717 cfr.
1033 678 1086 718 de
1118 677 1258 733 Legg.
1289 678 1335 728 Ι,
1376 667 1459 729 16,
1488 681 1564 720 45:
1615 679 1732 720 Nam
1765 684 1808 721 si

360 758 562 809 opinione
602 757 808 794 um‘versa
837 755 1000 803 virtus,
1041 754 1189 794 eadem
1229 757 1320 794 eius
1353 758 1481 795 etiam
1512 762 1668 809 partes
1702 770 1805 810 pro-

360 831 567 873 barentm·
589 832 649 882 1).

479 907 528 948 C.
570 908 650 958 24,
692 908 748 951 54
785 907 1012 962 Zumptius
1055 906 1207 947 edidit:
1246 907 1313 948 Eo
1350 908 1571 948 concludit
1609 921 1807 962 magnam

359 984 573 1026 hominum
605 984 944 1035 multitudinem,
974 982 1051 1023 ubi
1080 983 1215 1037 'vulgo
1244 993 1335 1025 erat
1370 984 1596 1032 conducet,-
1627 986 1703 1026 sed
1733 986 1810 1026 du-

358 1062 470 1116 plex
513 1069 657 1102 manet
698 1062 906 1101 orationis
939 1061 1108 1100 vitium.
1182 1059 1250 1101 Eo
1285 1063 1398 1101 enim
1430 1062 1555 1100 initio
1586 1064 1810 1102 sententiae

361 1138 544 1188 dicitur,
592 1145 795 1192 tanquam
822 1139 859 1177 si
896 1138 1098 1191 proxime
1128 1145 1227 1177 ante
1256 1136 1378 1177 locus
1408 1139 1652 1178 nominatus
1683 1147 1811 1188 esset,

363 1213 587 1255 concludit
614 1228 811 1269 magnam
837 1212 1048 1278 hommemg
1078 1214 1408 1264 multitudinem,
1442 1222 1644 1268 tanquam
1672 1216 1708 1255 si
1734 1215 1811 1255 ho-

361 1293 501 1332 mines
548 1299 835 1345 congregatos
889 1291 1078 1331 nondum
1125 1290 1334 1338 dixisset3
1386 1298 1614 1346 utrumque
1663 1300 1811 1333 contra

364 1376 455 1419 est;
490 1369 651 1422 optime
678 1369 837 1423 igitur,
870 1381 955 1408 non
987 1367 1218 1418 mendose,
1247 1375 1295 1407 ut
1325 1367 1552 1422 Zumptius
1586 1369 1669 1419 ait,
1700 1369 1814 1410 codi-

390 1512 428 1555 ¹)
454 1512 575 1546 Paulo
602 1514 713 1552 ante,
749 1509 816 1552 23,
855 1509 924 1552 51,
962 1508 1062 1544 tueri
1087 1509 1210 1543 studet
1234 1510 1430 1555 Zumptius
1460 1511 1630 1545 codicum
1655 1511 1815 1557 scriptu-

457 1583 564 1606 ram:
601 1571 668 1604 illa
708 1582 791 1602 vero
830 1571 966 1613 optima
1004 1575 1071 1609 est,
1098 1574 1139 1604 ut
1164 1569 1339 1604 audiatur
1364 1581 1445 1610 res,
1485 1572 1580 1614 quod
1618 1583 1707 1605 num
1732 1573 1817 1606 fieri

454 1632 537 1665 ullo
561 1631 673 1664 modo
697 1629 823 1674 possit,
853 1630 964 1663 valdo
990 1629 1131 1663 dubito.
1181 1629 1312 1673 Neque
1339 1629 1436 1663 enim
1462 1630 1678 1665 huiusmodi
1703 1643 1818 1677 gene-

456 1691 549 1725 ralis
576 1695 612 1724 et
637 1691 831 1724 abstractae
856 1689 1141 1734 significationis
1166 1690 1399 1725 substantiva
1423 1690 1558 1724 omissa
1584 1691 1707 1724 audiri
1732 1704 1818 1735 pos-

457 1756 566 1793 sunt,
600 1752 666 1786 sed
703 1749 875 1794 specialis
912 1753 948 1782 et
984 1749 1165 1793 propriae‚
1206 1761 1285 1793 quae
1318 1750 1401 1793 ipsa
1435 1749 1609 1784 adiuncta
1634 1752 1820 1786 vocabula

458 1811 636 1845 indicant.
688 1811 737 1844 Et
762 1809 890 1854 quidni
916 1808 1086 1846 dixisset,
1114 1811 1155 1841 ut
1181 1809 1328 1842 ferebat
1347 1811 1587 1852 consuetudo,
1611 1822 1713 1855 aeque
1731 1813 1819 1846 bre-

457 1871 576 1904 vitor:
605 1870 698 1903 illud
725 1881 808 1903 vero
837 1870 1017 1914 optimu-m.
1069 1868 1168 1912 Quin
1193 1868 1474 1903 intolerabilem
1499 1870 1724 1916 languorem
1750 1871 1820 1906 illa

457 1942 529 1965 vox
555 1935 591 1965 et
613 1930 739 1964 addita
768 1934 804 1964 et
827 1930 1022 1964 intellecta
1046 1929 1184 1971 infert,
1210 1933 1310 1963 certe
1335 1930 1371 1962 in
1396 1929 1508 1974 primi
1532 1930 1578 1963 de
1603 1935 1678 1965 nat.
1705 1932 1818 1966 Deor.

458 1990 550 2023 libri
575 2003 606 2024 c.
633 1990 678 2032 8,
707 1990 771 2024 ubi
797 1991 843 2023 de
866 1989 1057 2023 sententiis
1085 1993 1121 2023 et
1143 1989 1302 2023 inventis
1328 1989 1550 2034 disputatur.
1600 1992 1643 2025 In
1668 1992 1820 2027 secundi

458 2050 549 2084 libri
575 2052 680 2084 Verr.
709 2062 742 2098 c.⁴
769 2050 816 2083 23
841 2050 975 2094 (refert
999 2050 1100 2082 illam
1130 2061 1232 2083 suam
1265 2049 1552 2094 Syracusanam)
1578 2063 1650 2085 non
1676 2052 1820 2094 dubito,

461 2111 550 2155 quin
576 2112 734 2145 verbnm
768 2111 921 2145 Latinos
957 2121 1073 2144 scenae
1110 2110 1370 2151 admonuerit,
1405 2110 1540 2145 omisso
1567 2122 1609 2145 ex
1636 2112 1821 2146 familiari

460 2171 728 2204 consuetudine
762 2172 905 2213 fabulae
948 2172 1154 2212 vocabulo,
1198 2175 1376 2215 tanquam
1411 2171 1643 2215 Syracusana
1684 2183 1820 2207 nomen

460 2234 577 2271 csset3
614 2231 705 2274 (vid.
741 2232 894 2265 Terent.
930 2233 1070 2277 Ilecyr.
1099 2232 1194 2276 prol.
1221 2231 1264 2273 2,
1303 2243 1337 2266 v.
1367 2231 1423 2265 21.
1450 2231 1507 2273 30,
1534 2233 1620 2266 coll.
1649 2232 1725 2266 Cic.
1750 2244 1820 2279 pro

460 2291 607 2324 eluunt.
638 2291 706 2331 31,
742 2291 806 2324 86:
860 2290 910 2323 Te
952 2303 1036 2324 vero
1074 2292 1168 2324 illud
1192 2291 1305 2330 idem,
1343 2292 1438 2335 quod
1474 2297 1549 2325 tum
1576 2293 1759 2335 explosum
1784 2295 1821 2326 et

463 2350 614 2384 eiectum
643 2352 721 2388 est‚·
744 2362 838 2383 nunc
862 2353 1031 2385 retulisse
1056 2351 1242 2393 demiror.)
1290 2351 1330 2383 ln
1352 2351 1509 2394 Quintil.
1531 2352 1590 2393 Vl,
1615 2353 1644 2391 Ι,
1662 2353 1684 2384 4
1700 2356 1821 2395 potest

458 2409 619 2454 pluralis
645 2410 854 2453 generatim
881 2410 1069 2454 intelligi,
1093 2410 1262 2443 subiecto
1289 2409 1567 2453 particulatim:
1602 2411 1635 2443 si
1658 2412 1819 2456 aliquod.

459 2471 546 2504 Hoc
574 2469 816 2503 Verrinarum
842 2471 925 2503 loco
953 2482 1053 2514 paene
1079 2470 1255 2510 adducor,
1281 2474 1321 2502 ut
1345 2474 1399 2502 est
1423 2475 1524 2503 recte
1547 2470 1712 2504 deletum
1740 2483 1820 2505 cre-

461 2530 571 2570 dam,
608 2529 825 2564 Ciceronem
859 2535 984 2564 autem
1020 2530 1161 2575 plurali
1195 2540 1302 2562 usum
1336 2533 1515 2573 tanquam
1551 2532 1818 2573 narrationem,

459 2602 539 2635 quae
585 2590 772 2635 sequitur,
819 2590 1074 2634 particulatim
1120 2589 1156 2623 in
1212 2590 1323 2634 plura
1368 2590 1526 2624 crimina
1581 2591 1820 2626 distributam

461 2651 718 2690 subiecturus,
744 2662 822 2695 qua:
848 2663 945 2685 nunc
971 2663 1043 2684 unu
1072 2654 1200 2687 tenore
1226 2651 1479 2692 continuatur,
1507 2652 1821 2695 quemadmodum

457 2711 524 2752 59,
550 2710 616 2745 131
642 2710 752 2746 dixit:
784 2711 859 2744 Iam
887 2712 974 2750 illa,
1014 2723 1089 2755 qua:
1123 2711 1260 2744 leviora
1294 2712 1531 2751 videbuntur,
1571 2712 1650 2744 ideo
1682 2716 1817 2755 praete-

462 2772 562 2810 ribo,
591 2773 685 2816 quod
709 2789 751 2797 —
778 2772 952 2811 abstulit,
994 2772 1060 2805 etsi
1097 2771 1147 2804 ibi
1181 2772 1340 2816 pluralis
1377 2771 1498 2808 minu!
1534 2771 1709 2814 offendit,
1745 2783 1818 2807 uon

459 2836 534 2867 tam
560 2836 661 2868 arcte
689 2843 873 2869 connexus
901 2845 984 2868 cum
1011 2833 1195 2868 vocabulo
1221 2834 1326 2877 quod.
