1981 3390
381 225 478 273 232

313 343 514 395 Dionysii
547 350 770 396 tantopere
804 351 931 385 antea
955 343 1119 385 laudati
1162 343 1461 397 obliviscitur,
1493 347 1565 402 qui
1599 354 1642 387 et
1674 346 1754 397 VI,

314 422 369 460 44
410 421 623 461 contraria
664 420 813 461 scribit
845 416 1116 472 (ὠνείδισται
1158 422 1205 465 δέ
1232 439 1311 477 μοι
1347 423 1420 465 καὶ
1461 419 1492 478 ἡ
1527 422 1620 466 τῶν
1649 423 1756 478 κλη-

314 492 484 552 ρούχων
520 499 585 544 εἷς
620 492 934 544 Ουολούσκους
963 496 1204 554 ἐκπομπή,
1247 496 1317 541 ὅτι
1357 499 1444 554 γῆν
1475 495 1652 554 πολλήν
1683 499 1757 542 καὶ

315 569 502 629 (ἷγαθῆν
524 569 578 616 ου’
599 582 693 620 τοῖς
717 573 968 627 πατρικίοις
984 571 1087 617 οὐδὲ
1103 583 1197 622 τοῖς
1221 575 1436 618 ἱππεῦσιν
1464 570 1753 631 ἐχαρισάμην,

316 647 427 692 (ἷλλεὶ
461 658 555 696 τοῖς
595 644 783 703 ιῖπόροις
824 645 954 704 ’ὑμῶν
990 651 1235 706 degazam),
1280 661 1323 692 et
1353 652 1443 702 VI,
1482 655 1538 692 46
1580 656 1627 695 ἐκ
1664 652 1756 696 τῶν

316 725 564 781 φρουρίων,
596 726 641 765 id
673 734 760 775 est,
795 740 854 765 ex
885 726 1090 777 coloniis,
1131 727 1328 768 homines
1373 742 1420 768 se
1460 729 1513 768 ad
1542 728 1756 783 plebeioS‚

316 805 388 857 qui
422 804 465 842 in
510 810 700 843 montem
742 816 911 843 sacrum
951 805 1257 854 secessissent,
1299 818 1564 859 aggregasse
1597 814 1757 847 narrat.

318 878 469 933 Neque
508 878 600 919 haec
639 887 839 933 tanquam
876 889 1130 935 argumenta
1171 895 1341 935 oppono
1381 882 1446 921 rei
1485 895 1571 921 non
1617 881 1762 922 solum·

318 955 450 995 nullis
482 957 748 1009 argumentis
778 955 956 997 firmatae
990 958 1064 997 sed
1094 957 1222 997 valde
1254 956 1598 1012 improbabiliter
1623 956 1760 1005 fictae;

318 1033 394 1072 sed
423 1034 755 1074 inconstantiam
787 1042 888 1073 noto
934 1043 976 1074 et
1019 1034 1208 1075 studium
1249 1035 1416 1074 inventi
1461 1033 1576 1074 ultra
1619 1041 1760 1075 rectos

319 1107 429 1149 fines
452 1110 762 1164 persequendi;
806 1125 889 1164 quo
922 1109 995 1161 fit,
1037 1119 1082 1150 ut
1127 1126 1206 1161 ea,
1249 1125 1342 1166 quae
1372 1111 1424 1151 de
1454 1112 1647 1166 patriciis
1676 1112 1761 1166 pri-

320 1201 433 1227 mam
465 1185 586 1226 illam
629 1201 719 1227 rem
760 1186 977 1241 publicam
1011 1187 1258 1227 tenentibus
1292 1189 1469 1242 egregie
1509 1188 1761 1239 disputan-at,

318 1264 411 1316 ipsa
444 1264 488 1302 in
520 1264 809 1316 suspicionem
840 1262 1043 1303 falsitatis
1074 1265 1265 1313 veniant,
1299 1277 1428 1318 quum
1456 1263 1548 1304 haec
1581 1263 1634 1304 de
1664 1263 1761 1304 aliis

319 1337 586 1393 temporibus
620 1339 915 1379 adnectantur.

444 1414 529 1456 Sed
564 1416 600 1455 si
632 1417 727 1470 quis
761 1430 845 1456 non
877 1419 1020 1457 omnia
1052 1416 1144 1467 illa,
1179 1432 1271 1472 quae
1306 1417 1358 1458 de
1392 1416 1559 1458 civibus
1593 1430 1653 1458 ex
1687 1430 1762 1471 op-

318 1492 430 1546 pidis
464 1491 655 1532 subactis
685 1492 867 1533 Romam
900 1494 1105 1533 traductis
1144 1494 1361 1544 diximus,
1400 1493 1586 1548 probare
1619 1493 1763 1543 audet,

321 1570 522 1622 quoniam
554 1583 666 1609 nunc
710 1570 803 1609 eius
848 1571 912 1609 rei
952 1570 1284 1625 disputationem
1324 1584 1410 1610 non
1451 1571 1763 1624 persequimur,

320 1647 509 1686 contenti
550 1647 710 1686 erimus
745 1660 820 1696 eo,
860 1647 972 1700 quod
1008 1660 1077 1687 res
1113 1648 1207 1702 ipsa
1250 1649 1391 1701 cogit,
1437 1646 1570 1697 illos,
1614 1647 1685 1701 qui
1716 1647 1763 1686 in

319 1724 407 1763 suis
453 1723 622 1777 oppidis
667 1724 729 1763 ita
769 1706 1064 1773 remanerent,
1111 1732 1156 1763 ut
1199 1723 1379 1764 coloniae
1419 1725 1759 1777 imponerentur,

320 1813 425 1854 quos
458 1808 550 1840 tam·
586 1814 700 1854 saepe
740 1800 949 1840 defecisse
995 1815 1019 1840 a
1049 1800 1255 1841 Romanis
1298 1800 1511 1854 legimus,
1553 1800 1759 1840 inferiore

319 1879 410 1918 iure
431 1878 610 1917 vixisse.
664 1877 806 1933 Atque
827 1892 900 1918 eos
924 1886 1066 1918 tamen
1084 1878 1201 1917 cives
1213 1877 1349 1917 factos
1369 1891 1464 1917 esse
1487 1891 1553 1928 eo,
1576 1891 1659 1932 quo
1676 1878 1763 1917 iam

320 1955 437 2003 «lixi,
488 1954 639 2003 modo,
674 1955 832 2004 iidem,
876 1956 948 2009 qui
979 1956 1030 1994 de
1062 1953 1308 1994 hominibus
1340 1954 1522 1995 Romam
1553 1954 1760 1995 traductis

320 2032 412 2071 eius
440 2032 502 2071 rei
533 2039 730 2071 auctores
763 2039 885 2082 sunt,
917 2033 1147 2086 scriptores
1178 2031 1350 2072 tradunt
1373 2032 1440 2081 1),
1481 2039 1524 2071 et
1552 2033 1764 2084 posterio-

319 2110 377 2148 ris
400 2110 608 2164 temporis
641 2108 795 2148 similis
825 2110 935 2148 ratio
962 2107 1201 2149 confirmat.
1264 2107 1369 2148 Erat
1394 2109 1508 2148 enim
1538 2107 1628 2148 haec
1653 2109 1764 2162 ipsa,

320 2185 519 2239 quamdiu
552 2187 662 2225 inter
689 2184 872 2240 populos
902 2185 1039 2226 Italiae
1065 2186 1215 2226 mediae
1246 2183 1546 2240 pugnabatur,
1589 2185 1764 2239 propria

321 2270 361 2300 ct
395 2260 447 2301 ab
481 2263 575 2316 ipsa
608 2270 761 2301 natura
792 2264 1087 2302 institutorum
1131 2251 1329 2316 profecta
1370 2261 1564 2301 condicio
1597 2273 1760 2309 eorum,

344 2398 379 2440 ³)
404 2397 554 2441 Dionys.
582 2395 707 2429 Halic.
734 2398 811 2437 ΙΙΙ,
844 2396 890 2431 49
916 2397 961 2430 de
988 2395 1301 2430 Crustumerinis:
1341 2393 1572 2439 σννεχιῦρησεν
1591 2394 1653 2439 τῆς
1673 2392 1761 2430 Ῥω-

407 2460 526 2501 μαίων
546 2456 738 2499 πολιτείας,
762 2454 806 2490 ὥς
827 2454 1016 2502 πρότερον,
1040 2459 1211 2500 μετέχειν.
1257 2455 1335 2488 Liv.
1363 2456 1380 2488 I
1396 2481 1406 2496 ,
1432 2455 1475 2488 ll
1495 2456 1540 2488 de
1556 2457 1760 2490 Antemnis-

407 2519 521 2552 tibus.
555 2516 752 2561 Dionysius
778 2521 903 2550 tamen
931 2516 991 2560 w,
1018 2516 1064 2550 19
1090 2521 1183 2550 extr.
1200 2540 1209 2556 ,
1236 2516 1368 2548 urbem
1396 2520 1431 2548 et
1457 2515 1646 2549 civitatem
1675 2528 1762 2550 con-

408 2578 588 2617 fundens,
614 2576 707 2609 alios
733 2578 882 2610 colonos
909 2577 1049 2617 factos,
1076 2575 1182 2615 aiios,
1213 2575 1274 2619 qui
1299 2575 1459 2609 Romam
1490 2575 1656 2620 migrare
1681 2586 1760 2610 ma-

408 2638 582 2677 luissent,
620 2636 716 2670 cives
753 2635 863 2677 ‹licit3
911 2636 1010 2669 cons.
1046 2636 1117 2676 vl,
1153 2634 1210 2669 55.
1275 2635 1330 2668 Ad
1369 2635 1490 2668 minus
1526 2636 1600 2669 iam
1638 2647 1762 2670 remo-

410 2703 484 2731 mm
520 2700 663 2730 oetatcm
702 2697 882 2741 pertinet,
918 2696 1011 2740 quod
1048 2695 1174 2730 Livius
1209 2695 1299 2737 (VI,
1338 2693 1397 2735 21)
1429 2695 1660 2737 Veliternos,
1699 2696 1762 2740 qui

412 2760 643 2797 deiecerant,
671 2757 764 2791 cive-s
793 2757 956 2801 appellnt
987 2759 1021 2788 ct
1048 2754 1237 2799 aliquanto
1267 2760 1345 2800 post
1371 2754 1501 2797 (vm.
1533 2755 1593 2799 11)
1622 2760 1759 2791 veteres

414 2832 515 2851 s'll'z').
