1981 3390
0 1393 8 1455 ..s-h
0 796 10 1371 -.-.-W⁴-:⁴.
2 747 9 788 ...ν
2 634 10 744 ›2:3322
5 566 9 620 ,ἡ
5 446 9 556 ΫῌᾺ
6 354 11 431 ,,,-,..
7 291 11 333 --ἤ
7 254 11 272 ,,
2 138 11 241 „soq-

0 1642 8 1706 ,-ι-.-
0 1622 7 1639 ι

1474 257 1574 305 447

194 393 366 433 tamen,
417 390 463 422 ut
501 387 680 436 sponte,
732 390 818 419 non
861 390 963 418 casu
1014 384 1288 416 occurrentes
1327 375 1644 432 intelligantur,

192 468 308 502 recte
354 459 435 500 hoc
478 457 574 498 loco
616 455 792 509 ponitur
829 454 998 494 adiecto
1039 451 1178 493 altero
1218 451 1297 493 illo
1346 456 1641 502 insectantur,-

192 537 453 592 usyndeton,
496 533 610 588 quod
652 532 721 572 hic
751 531 794 572 in
831 530 974 572 verbis
1005 539 1070 572 est
1099 531 1291 571 eiusdem
1322 543 1443 585 paone
1474 529 1644 584 signifi·

190 614 397 662 cationis,
430 613 475 652 in
507 610 630 652 brevi
660 619 702 651 et
735 611 908 651 concisa
935 609 1159 659 oratione,
1204 608 1318 649 infra
1359 614 1397 648 c.
1424 609 1476 658 9,
1511 609 1566 647 22
1595 608 1640 648 in

185 690 471 731 substantivis
504 698 590 729 est:
611 687 745 737 falsa
776 692 1002 742 opinione,
1036 700 1182 727 errore
1210 685 1436 726 hommum.

306 765 450 808 Venio
484 767 536 807 ad
569 765 712 806 locuni
746 767 788 805 in
821 763 1083 806 editionibus
1112 763 1361 804 foedissime
1392 772 1639 820 corruptum

186 852 229 884 et
260 841 568 899 interpolatum
614 843 656 883 in
692 843 816 883 initio
859 845 1012 897 capitis
1045 842 1247 897 septimi,
1287 843 1408 882 cuius
1454 841 1545 881 haec
1574 850 1640 882 est

185 921 230 961 in
261 919 482 961 codicibus
512 922 747 973 scriptura:
788 918 959 962 Fuerat
987 921 1063 960 ille
1095 932 1233 958 ammi·
1260 924 1345 958 tam
1375 921 1421 957 iu
1450 931 1540 971 rep.
1573 921 1640 957 iu-

185 998 304 1038 dices
346 997 459 1048 (Pal.
492 1000 521 1038 9
561 996 734 1052 vulgari
775 995 929 1036 mendo
970 996 1190 1045 videlicet,
1230 994 1369 1035 Paris.
1412 1002 1454 1034 et
1494 992 1638 1049 Naug-

183 1077 405 1125 omittunt)
440 1087 565 1129 quam
596 1073 713 1128 (Par.
746 1069 861 1127 qum)
895 1077 942 1112 in
973 1087 1127 1127 magno
1157 1078 1270 1112 motu
1301 1071 1415 1122 (cod.
1447 1071 1493 1112 S.
1522 1071 1641 1113 Vict.

182 1158 321 1201 metu,
357 1134 585 1203 niendose)
616 1157 660 1191 et
683 1151 908 1191 multorum
936 1153 1090 1190 timore
1119 1152 1310 1190 intentus
1339 1163 1467 1190 arcus·
1497 1154 1544 1190 in
1573 1163 1639 1190 me

182 1242 339 1280 unum,
369 1233 482 1270 sicut
511 1227 640 1282 vulgo
679 1231 834 1281 ignari
861 1241 1003 1268 rerum
1037 1227 1346 1282 loquebantur,
1388 1241 1436 1267 re
1468 1227 1638 1282 quidem

182 1319 287 1346 vera
320 1309 368 1345 ιἰι
397 1309 643 1345 universum
671 1318 759 1345 rem
788 1305 1037 1359 publicam,
1070 1305 1347 1345 traductione
1387 1304 1446 1345 ad
1468 1304 1636 1359 plebem

168 1382 415 1432 furibundi
451 1381 633 1422 hominis
666 1396 720 1422 ac
756 1383 925 1437 perditi
954 1392 1036 1423 etc.
1092 1381 1163 1423 Ab
1195 1382 1262 1422 his
1295 1382 1494 1436 vestigiis
1527 1382 1636 1422 adeo

181 1460 473 1500 discesserunt
503 1461 717 1510 editores,
761 1469 807 1500 ut
849 1473 909 1500 ex
940 1466 1025 1500 tam
1058 1468 1099 1499 et
1132 1473 1257 1514 quam
1289 1461 1383 1499 sive
1417 1472 1512 1514 qum
1546 1458 1639 1500 effi-

181 1545 327 1577 cerent
354 1542 582 1590 tanquam,
618 1537 730 1591 quod
766 1538 804 1577 si
836 1539 1042 1592 scriptum
1073 1536 1177 1577 olim
1211 1537 1387 1586 fuisset,
1419 1538 1638 1591 corrumpi

175 1614 413 1669 potuisset,
451 1613 526 1653 sed
560 1614 622 1653 ita
656 1612 838 1654 distrahi
872 1613 1126 1668 duobusque
1166 1611 1275 1654 locis
1307 1613 1410 1667 poni
1443 1627 1528 1654 non
1562 1628 1639 1669 po-

177 1691 345 1731 tuisset.
428 1689 543 1742 (Hoc
595 1690 739 1745 ipsum
795 1696 1001 1745 tanquam
1060 1691 1194 1730 ceteri
1249 1698 1367 1730 recte
1425 1689 1635 1732 hactenus

177 1767 232 1807 iis
270 1764 442 1817 verbis,
481 1781 662 1822 quorum
704 1767 849 1808 audax
893 1767 1146 1822 metaphora
1189 1766 1317 1807 leniri
1352 1767 1495 1819 debet,
1527 1783 1637 1823 prae·

175 1853 366 1899 ponunt;
417 1843 637 1893 Orellius,
699 1843 983 1884 Garatonium
1036 1852 1235 1893 secutus,
1287 1844 1633 1886 incommodissi-

177 1936 245 1962 me
285 1921 454 1977 posuit:
492 1924 698 1975 tanquam
742 1923 790 1960 in
828 1924 898 1961 rei
919 1920 1113 1974 publae'cce
1145 1934 1299 1974 magno
1331 1925 1480 1974 motu.)
1545 1922 1633 1962 Sed

178 1999 316 2040 multo
356 2007 456 2039 sunt
488 2000 692 2053 graviora
731 1997 852 2039 illius
889 1999 1112 2050 scripturae
1155 1996 1366 2048 vulnera,
1408 2012 1501 2053 quae
1534 1999 1632 2041 ideo

175 2077 390 2129 aperiam,
429 2083 476 2116 ut
505 2077 651 2117 statim
676 2076 949 2130 perspicuum
977 2075 1060 2126 sit,
1091 2073 1180 2116 alia
1211 2076 1284 2115 via
1318 2074 1373 2115 ad
1405 2072 1631 2121 veritatem

174 2154 397 2207 perveniri
428 2152 601 2194 debere.
662 2153 880 2203 Primum,
923 2167 1082 2193 annum
1112 2152 1197 2192 dici
1233 2165 1380 2192 arcum
1413 2160 1455 2192 et
1486 2158 1634 2193 arcum

174 2234 409 2279 intentum,
453 2230 562 2271 adeo
606 2238 671 2270 est
707 2244 792 2270 non
833 2228 975 2270 solum
1013 2243 1148 2284 prava
1190 2237 1232 2269 et
1258 2243 1465 2284 perversa
1496 2238 1632 2270 meta-

175 2307 328 2360 phora,
361 2315 410 2347 ut
442 2321 537 2348 enni
568 2306 721 2348 Cicero
753 2306 935 2361 eligere,
967 2321 1120 2347 verum
1153 2307 1285 2347 etiam
1319 2315 1404 2347 tam
1438 2315 1634 2347 contorta

176 2392 220 2424 et
252 2399 278 2425 a
311 2383 432 2424 nulla
464 2399 610 2425 rerum
642 2383 928 2425 similitudine
961 2385 1163 2438 specieve
1195 2383 1349 2434 ducta,
1382 2392 1429 2423 ut
1460 2385 1506 2424 in
1536 2398 1631 2424 eam

174 2461 366 2502 incidere
396 2475 480 2502 non
515 2462 720 2516 potuerit.
794 2461 882 2502 Sed
923 2461 1063 2501 maius
1104 2460 1240 2511 illud,
1281 2461 1392 2516 quod
1427 2469 1517 2501 tota
1547 2476 1631 2512 res,

173 2539 226 2579 de
281 2553 364 2592 qua
412 2537 566 2579 Cicero
615 2539 741 2590 dicit,
789 2540 898 2580 mire
947 2539 1224 2580 confunditur
1276 2546 1319 2579 et
1363 2537 1631 2578 obscuratur.

176 2613 337 2654 Totum
368 2628 414 2654 se
442 2615 545 2656 dicit
575 2617 813 2671 superioris
844 2617 946 2657 anni
968 2616 1242 2671 naufragium
1270 2613 1521 2669 reipublicae
1549 2628 1630 2654 ex-

174 2691 439 2745 positurum,
484 2691 527 2731 id
558 2700 624 2732 est
653 2694 774 2743 eius,
817 2694 890 2748 qui
921 2693 1005 2733 fuit
1037 2701 1136 2734 ante
1178 2692 1310 2734 Sestii
1352 2690 1633 2732 tribunatum.

177 2765 220 2807 Is
256 2767 340 2807 fuit
381 2780 519 2807 annus
564 2767 722 2810 Pisone
757 2777 800 2810 et
832 2768 1020 2811 Gabinio
1061 2783 1197 2821 coss„
1233 2769 1289 2809 58
1326 2783 1367 2809 a.
1409 2766 1490 2808 Ch.
1521 2777 1632 2816 nat.;

175 2857 273 2885 nam
313 2859 351 2885 a.
395 2845 453 2886 57
493 2843 681 2887 Lentulo
721 2854 765 2888 et
805 2843 990 2888 Metello
1031 2861 1141 2889 coss.
1181 2845 1446 2889 tribunatum
1476 2847 1628 2901 gessit.
