1981 3390
1449 281 1552 329 467

163 408 392 459 consules,
446 406 600 447 saltem
651 412 854 458 tanquam
902 401 1061 454 privati
1109 402 1328 455 aperirent
1379 403 1617 444 sententias

162 501 264 529 suas
306 487 358 527 do
403 498 470 525 me
515 495 694 537 meaque
733 479 1051 521 restitutione.”
1112 477 1221 526 Quae
1266 477 1374 518 adeo
1407 477 1616 531 multipli-

162 560 266 607 cem‘
294 560 673 616 reprehensionem
714 556 900 607 habent,
946 565 994 597 ut
1032 555 1197 597 homini
1238 563 1364 596 acuto
1406 563 1449 596 et
1488 556 1614 597 docto

163 643 292 684 mirer
323 653 375 680 ea
404 636 586 692 probata
618 650 729 676 esse.
811 635 1003 676 Primum
1038 633 1141 674 ordo
1175 631 1486 675 vocabulorum
1514 647 1616 674 con-

160 718 423 759 toi-tissimus
463 723 530 756 est
571 715 760 768 (prae‘vali
792 716 856 766 ul)
890 720 932 753 et
966 710 1262 766 ambiguitatis
1296 710 1615 752 molestissimae

159 793 234 836 vel
267 795 412 849 potius
441 806 527 834 non
561 790 807 846 ambiguus,
835 790 909 832 sed
942 790 1200 831 contrariam
1224 790 1484 830 sententiam
1514 803 1614 830 con-

162 872 326 920 tinens3
354 884 481 912 nemo
515 870 628 914 enirn
671 867 892 910 Romanus
927 881 1011 908 non
1049 866 1101 906 ad
1138 880 1286 909 vocem
1319 871 1495 921 privati
1522 876 1615 909 tan-

161 962 289 1004 quam
338 947 580 989 subiectum
638 945 854 987 relaturus
904 954 996 986 erat
1048 942 1228 984 verbnm
1270 943 1615 998 flugz’labantur.

161 1026 331 1068 Deinde
357 1027 453 1080 quis
486 1024 656 1073 credat,
690 1031 913 1063 senatores
943 1022 986 1061 in
1016 1033 1067 1061 eo
1100 1019 1349 1070 laborasse,
1383 1029 1430 1061 ut
1456 1035 1615 1077 cogno-

159 1112 354 1153 scerent,
384 1102 485 1157 quid
518 1099 729 1142 Gabinius
764 1108 806 1140 et
836 1099 937 1140 Piso
965 1098 1168 1152 privatim
1199 1100 1439 1149 sentirent,
1487 1108 1529 1139 et
1562 1099 1615 1140 de

160 1194 214 1222 ea
245 1194 292 1222 re
320 1183 368 1220 in
396 1180 902 1232 senatutinterrogusse,
943 1176 1065 1231 quasi
1095 1175 1137 1216 id
1166 1185 1239 1216 aut
1271 1176 1325 1217 ad
1358 1190 1449 1217 rem
1481 1178 1613 1231 perti-

160 1266 284 1299 neret
327 1266 402 1297 aut
444 1270 529 1297 non
581 1269 730 1296 omnes
780 1256 969 1304 scirent,
1015 1251 1217 1294 Ciceroni
1256 1254 1462 1301 inimicos
1500 1268 1612 1296 esse.

162 1333 304 1391 Tum,
344 1343 391 1375 ut
423 1334 476 1375 de
510 1333 741 1376 verborum
784 1333 827 1373 vi
865 1344 1128 1387 quaeramus,
1171 1332 1266 1386 quis
1300 1346 1489 1387 unquam
1517 1345 1613 1373 sen·

161 1416 324 1452 tentiae
357 1411 503 1453 dicere
534 1415 598 1462 (et
634 1409 767 1452 velim
802 1409 855 1450 ad
894 1408 1107 1465 pluralem
1147 1422 1372 1450 numerum
1412 1410 1611 1461 attendi),

161 1491 399 1545 proesertim
433 1503 562 1544 quum
591 1489 643 1529 de
673 1502 719 1529 re
751 1489 794 1528 in
828 1495 982 1528 senatu
1013 1495 1109 1528 acta
1137 1486 1411 1542 loqueretur,
1442 1488 1526 1528 ista
1555 1488 1613 1527 si·

161 1565 443 1622 gnificatione
465 1565 636 1620 posuit?
665 1564 758 1606 Nec
788 1579 893 1606 sane
920 1569 1090 1620 pre‘vatz'
1113 1578 1209 1605 esse
1240 1572 1382 1618 potest
1409 1570 1613 1619 tauquam

154 1647 330 1699 privati
358 1643 488 1698 (quod
520 1644 658 1695 ipsum
695 1641 851 1683 Latine
881 1644 942 1683 ita
973 1657 1057 1683 non
1088 1643 1269 1693 dicitur,
1299 1642 1374 1682 sed
1407 1647 1612 1698 tanquam

155 1724 327 1775 privati
354 1723 528 1772 esseron)
562 1728 635 1760 aut
666 1719 817 1760 consul
848 1719 939 1761 ullo
973 1720 1099 1760 modo
1122 1723 1327 1774 privatus
1355 1718 1518 1775 aliquid
1550 1720 1612 1760 sa-

160 1812 272 1839 cere.
329 1797 553 1837 Postremo
588 1811 727 1852 neque
756 1796 911 1838 Cicero
951 1811 1090 1852 neque
1132 1799 1359 1853 quisquam
1399 1811 1451 1838 ea
1484 1805 1611 1837 aetate

159 1876 229 1930 (ac
260 1889 312 1915 ne
353 1872 488 1915 multo
533 1874 705 1928 quidem
747 1878 860 1929 post)
894 1871 1301 1928 scripsit‘fluge‘lor,
1341 1880 1391 1915 ut
1415 1873 1610 1924 saelum,

161 1965 299 2007 neqie
322 1965 494 2006 poscor,
526 1957 574 1992 ut
588 1950 792 2000 sace't1m5
828 1951 945 1992 aliud
978 1960 1044 1992 est
1076 1952 1187 1991 enim
1209 1951 1401 2005 flagilor
1420 1950 1611 2006 simplex

161 2039 235 2070 aut
253 2030 446 2082 flage‘tor
484 2043 586 2069 rem.
663 2028 854 2070 Omnino
897 2030 1009 2082 perit
1051 2031 1095 2069 in
1127 2027 1206 2069 illa
1239 2030 1609 2083 interpretatione,

161 2107 273 2162 quod
307 2115 433 2159 caput
463 2114 528 2146 est
560 2108 808 2155 seutentioe3
850 2108 1089 2148 ostenditur
1122 2107 1261 2156 enim,
1294 2106 1402 2146 adeo
1430 2106 1611 2146 constri-

160 2192 251 2225 ctos
283 2183 417 2224 fuisse
451 2181 677 2233 consules,
725 2193 771 2224 ut
805 2198 858 2225 ne
892 2188 1086 2239 privatis
1125 2184 1295 2240 quidem
1338 2182 1453 2224 ultro
1485 2182 1610 2239 flagi-

159 2261 350 2302 tantibus
384 2259 561 2316 obsequi
595 2262 876 2315 auden-enm).
941 2262 1007 2304 Ac
1047 2261 1300 2304 XVunderus
1330 2258 1607 2314 flagitaban-

159 2345 230 2380 tur
261 2339 454 2380 codicum
486 2352 582 2379 esse
615 2338 846 2380 lectionem
877 2339 1081 2393 putabat;
1127 2338 1348 2389 Orellius,
1391 2339 1464 2393 qui
1493 2351 1607 2388 eum,

157 2425 360 2472 tanquam
392 2417 532 2457 omnis
572 2426 687 2457 esset
721 2416 892 2458 sublata
935 2416 1191 2467 difficultas,
1231 2424 1404 2457 secutus
1440 2423 1530 2466 est,
1561 2415 1607 2455 in

157 2493 316 2535 Bet-nn.
351 2492 526 2534 videbat
560 2508 655 2534 esse
675 2495 975 2549 flagitabcmt,⁸
1021 2495 1135 2536 idem
1167 2496 1210 2534 in
1247 2494 1340 2535 cod.
1371 2493 1607 2535 Parisiensi

159 2580 247 2621 est,
290 2579 362 2619 ut,
399 2572 436 2612 si
477 2571 603 2611 modo
635 2581 750 2613 recte
781 2574 832 2614 de.
865 2575 993 2614 tertia
1033 2571 1199 2614 familia
1231 2571 1410 2620 siletur,
1454 2570 1606 2610 horum

159 2656 303 2687 tannen
349 2650 576 2687 consensui
621 2663 671 2689 ea
714 2653 915 2706 postponi
959 2650 1128 2692 debeat.
1202 2647 1424 2689 Habemus
1473 2647 1606 2700 igitur

188 2772 227 2814 ¹)
251 2771 393 2805 Eadem
420 2776 473 2805 eet
507 2772 730 2817 perversitas
765 2774 985 2810 coniecturae
1011 2775 1236 2811 Manutianae
1263 2772 1435 2816 privatim
1470 2771 1607 2804 eubeti-

250 2830 409 2871 tuentis,
437 2844 549 2877 quam
581 2844 707 2868 omnes
737 2839 823 2868 ante
852 2837 1085 2873 Wunder-um
1109 2835 1227 2872 secuti
1254 2836 1380 2871 crant,
1408 2829 1606 2865 Schuetzio

253 2897 417 2935 excepto.

1269 2964 1338 2997 30·
