<?xml version="1.0" encoding="UTF-8"?>
<!DOCTYPE html PUBLIC "-//W3C//DTD XHTML 1.0 Transitional//EN"
    "http://www.w3.org/TR/xhtml1/DTD/xhtml1-transitional.dtd">
<html xmlns="http://www.w3.org/1999/xhtml" xml:lang="en" lang="en">
 <head>
  <title>
</title>
<meta http-equiv="Content-Type" content="text/html;charset=utf-8" />
  <meta name='ocr-system' content='tesseract 3.04.00' />
  <meta name='ocr-capabilities' content='ocr_page ocr_carea ocr_par ocr_line ocrx_word'/>
</head>
<body>
  <div class='ocr_page' id='page_1' title='image "./ionicolaimadvigi01madvuoft_0007.png"; bbox 0 0 1981 3390; ppageno 0'>
   <div class='ocr_carea' id='block_1_1' title="bbox 616 679 1197 735">
    <p class='ocr_par' dir='ltr' id='par_1_1' title="bbox 616 679 1197 735">
     <span class='ocr_line' id='line_1_1' title="bbox 616 679 1197 735; baseline 0 -3"><span class='ocrx_word' id='word_1_1' title='bbox 616 680 661 732; x_wconf 79' lang='grc' dir='ltr'>Ι)</span> <span class='ocrx_word' id='word_1_2' title='bbox 686 679 739 732; x_wconf 77' lang='lat' dir='ltr'>R</span> <span class='ocrx_word' id='word_1_3' title='bbox 760 679 842 732; x_wconf 54' lang='grc' dir='ltr'>ΛΕ</span> <span class='ocrx_word' id='word_1_4' title='bbox 871 680 916 732; x_wconf 84' lang='lat' dir='ltr'>F</span> <span class='ocrx_word' id='word_1_5' title='bbox 938 681 982 732; x_wconf 75' lang='lat' dir='ltr'>A</span> <span class='ocrx_word' id='word_1_6' title='bbox 1009 681 1060 733; x_wconf 84' lang='lat' dir='ltr'><strong>T</strong></span> <span class='ocrx_word' id='word_1_7' title='bbox 1086 681 1104 733; x_wconf 91' lang='grc' dir='ltr'>Ι</span> <span class='ocrx_word' id='word_1_8' title='bbox 1130 679 1197 735; x_wconf 85' lang='grc' dir='ltr'>Ο.</span> 
     </span>
    </p>
   </div>
   <div class='ocr_carea' id='block_1_2' title="bbox 758 823 1042 837">
    <p class='ocr_par' dir='ltr' id='par_1_2' title="bbox 758 823 1042 837">
     <span class='ocr_line' id='line_1_2' title="bbox 758 823 1042 837; baseline 0 2553"><span class='ocrx_word' id='word_1_9' title='bbox 758 823 1042 837; x_wconf 95' lang='lat' dir='ltr'> </span> 
     </span>
    </p>
   </div>
   <div class='ocr_carea' id='block_1_3' title="bbox 163 895 1634 2806">
    <p class='ocr_par' dir='ltr' id='par_1_3' title="bbox 163 895 1634 2806">
     <span class='ocr_line' id='line_1_3' title="bbox 175 895 1633 971; baseline 0 -19"><span class='ocrx_word' id='word_1_10' title='bbox 175 895 296 971; x_wconf 68' lang='lat' dir='ltr'>Qum</span> <span class='ocrx_word' id='word_1_11' title='bbox 341 919 414 952; x_wconf 84' lang='lat' dir='ltr'>hoc</span> <span class='ocrx_word' id='word_1_12' title='bbox 453 916 643 952; x_wconf 82' lang='lat' dir='ltr'>volumine</span> <span class='ocrx_word' id='word_1_13' title='bbox 681 917 1053 961; x_wconf 80' lang='lat' dir='ltr'>comprehenduntur</span> <span class='ocrx_word' id='word_1_14' title='bbox 1088 917 1332 963; x_wconf 74' lang='lat' dir='ltr'><strong>scriptiones,</strong></span> <span class='ocrx_word' id='word_1_15' title='bbox 1382 929 1454 960; x_wconf 81' lang='lat' dir='ltr'>coe,</span> <span class='ocrx_word' id='word_1_16' title='bbox 1501 923 1633 963; x_wconf 74' lang='lat' dir='ltr'>praeter</span> 
     </span>
     <span class='ocr_line' id='line_1_4' title="bbox 171 1000 1633 1047; baseline -0.001 -11"><span class='ocrx_word' id='word_1_17' title='bbox 171 1002 339 1047; x_wconf 75' lang='lat' dir='ltr'>quintam</span> <span class='ocrx_word' id='word_1_18' title='bbox 367 1004 403 1035; x_wconf 89' lang='lat' dir='ltr'>et</span> <span class='ocrx_word' id='word_1_19' title='bbox 426 1000 647 1045; x_wconf 82' lang='lat' dir='ltr'>septimam,</span> <span class='ocrx_word' id='word_1_20' title='bbox 673 1011 695 1034; x_wconf 79' lang='lat' dir='ltr'>a</span> <span class='ocrx_word' id='word_1_21' title='bbox 721 1011 794 1045; x_wconf 88' lang='lat' dir='ltr'>qua</span> <span class='ocrx_word' id='word_1_22' title='bbox 820 1000 1015 1035; x_wconf 81' lang='lat' dir='ltr'>occasione</span> <span class='ocrx_word' id='word_1_23' title='bbox 1042 1005 1130 1036; x_wconf 84' lang='lat' dir='ltr'>ortae</span> <span class='ocrx_word' id='word_1_24' title='bbox 1153 1001 1249 1042; x_wconf 88' lang='lat' dir='ltr'>sint,</span> <span class='ocrx_word' id='word_1_25' title='bbox 1275 1001 1407 1035; x_wconf 86' lang='lat' dir='ltr'>titulus</span> <span class='ocrx_word' id='word_1_26' title='bbox 1435 1001 1516 1046; x_wconf 88' lang='lat' dir='ltr'>ipse</span> <span class='ocrx_word' id='word_1_27' title='bbox 1542 1002 1633 1036; x_wconf 82' lang='lat' dir='ltr'>libri</span> 
     </span>
     <span class='ocr_line' id='line_1_5' title="bbox 171 1071 1633 1131; baseline -0.001 -10"><span class='ocrx_word' id='word_1_28' title='bbox 171 1086 343 1122; x_wconf 79' lang='lat' dir='ltr'>ostendit.</span> <span class='ocrx_word' id='word_1_29' title='bbox 394 1084 694 1131; x_wconf 84' lang='lat' dir='ltr'>Programmatis</span> <span class='ocrx_word' id='word_1_30' title='bbox 732 1084 830 1118; x_wconf 90' lang='lat' dir='ltr'>enim</span> <span class='ocrx_word' id='word_1_31' title='bbox 870 1085 1069 1119; x_wconf 81' lang='lat' dir='ltr'>academiae</span> <span class='ocrx_word' id='word_1_32' title='bbox 1094 1085 1322 1120; x_wconf 83' lang='lat' dir='ltr'>Hauniensis</span> <span class='ocrx_word' id='word_1_33' title='bbox 1358 1086 1495 1119; x_wconf 84' lang='lat' dir='ltr'>horum</span> <span class='ocrx_word' id='word_1_34' title='bbox 1525 1071 1633 1130; x_wconf 78' lang='lat' dir='ltr'>quin-</span> 
     </span>
     <span class='ocr_line' id='line_1_6' title="bbox 170 1168 1634 1214; baseline 0 -11"><span class='ocrx_word' id='word_1_35' title='bbox 170 1181 242 1214; x_wconf 85' lang='lat' dir='ltr'>que</span> <span class='ocrx_word' id='word_1_36' title='bbox 276 1180 460 1203; x_wconf 84' lang='lat' dir='ltr'>annorum</span> <span class='ocrx_word' id='word_1_37' title='bbox 495 1168 641 1203; x_wconf 74' lang='lat' dir='ltr'>insertae</span> <span class='ocrx_word' id='word_1_38' title='bbox 679 1169 846 1203; x_wconf 82' lang='lat' dir='ltr'>fuerunt.</span> <span class='ocrx_word' id='word_1_39' title='bbox 909 1170 1012 1203; x_wconf 87' lang='lat' dir='ltr'>Duas</span> <span class='ocrx_word' id='word_1_40' title='bbox 1049 1169 1135 1203; x_wconf 81' lang='lat' dir='ltr'>illas</span> <span class='ocrx_word' id='word_1_41' title='bbox 1170 1169 1441 1214; x_wconf 78' lang='lat' dir='ltr'>disputationes</span> <span class='ocrx_word' id='word_1_42' title='bbox 1480 1173 1634 1214; x_wconf 83' lang='lat' dir='ltr'>propter</span> 
     </span>
     <span class='ocr_line' id='line_1_7' title="bbox 171 1252 1632 1299; baseline -0.001 -11"><span class='ocrx_word' id='word_1_43' title='bbox 171 1253 386 1299; x_wconf 81' lang='lat' dir='ltr'>argumenti</span> <span class='ocrx_word' id='word_1_44' title='bbox 411 1252 696 1289; x_wconf 84' lang='lat' dir='ltr'>similitudinem</span> <span class='ocrx_word' id='word_1_45' title='bbox 723 1257 758 1288; x_wconf 89' lang='lat' dir='ltr'>et</span> <span class='ocrx_word' id='word_1_46' title='bbox 783 1252 1049 1298; x_wconf 79' lang='lat' dir='ltr'>cognationem</span> <span class='ocrx_word' id='word_1_47' title='bbox 1075 1253 1240 1295; x_wconf 82' lang='lat' dir='ltr'>adiunxi,</span> <span class='ocrx_word' id='word_1_48' title='bbox 1267 1265 1335 1287; x_wconf 85' lang='lat' dir='ltr'>nec</span> <span class='ocrx_word' id='word_1_49' title='bbox 1359 1253 1444 1288; x_wconf 87' lang='lat' dir='ltr'>ideo</span> <span class='ocrx_word' id='word_1_50' title='bbox 1471 1253 1518 1287; x_wconf 88' lang='lat' dir='ltr'>ab</span> <span class='ocrx_word' id='word_1_51' title='bbox 1545 1263 1632 1287; x_wconf 86' lang='lat' dir='ltr'>aca-</span> 
     </span>
     <span class='ocr_line' id='line_1_8' title="bbox 170 1336 1632 1395; baseline -0.002 -23"><span class='ocrx_word' id='word_1_52' title='bbox 170 1337 414 1395; x_wconf 50' lang='lat' dir='ltr'>demicorumx</span> <span class='ocrx_word' id='word_1_53' title='bbox 440 1337 707 1382; x_wconf 82' lang='lat' dir='ltr'><strong>opusculorum</strong></span> <span class='ocrx_word' id='word_1_54' title='bbox 751 1336 902 1370; x_wconf 85' lang='lat' dir='ltr'>nomine</span> <span class='ocrx_word' id='word_1_55' title='bbox 949 1337 1201 1371; x_wconf 88' lang='lat' dir='ltr'>recedendum</span> <span class='ocrx_word' id='word_1_56' title='bbox 1240 1336 1382 1381; x_wconf 70' lang='lat' dir='ltr'>putavi.</span> <span class='ocrx_word' id='word_1_57' title='bbox 1442 1338 1527 1370; x_wconf 78' lang='lat'>1100</span> <span class='ocrx_word' id='word_1_58' title='bbox 1562 1347 1632 1381; x_wconf 87' lang='lat' dir='ltr'>ego</span> 
     </span>
     <span class='ocr_line' id='line_1_9' title="bbox 168 1402 1632 1465; baseline -0.001 -11"><span class='ocrx_word' id='word_1_59' title='bbox 168 1420 343 1455; x_wconf 83' lang='lat' dir='ltr'>universo</span> <span class='ocrx_word' id='word_1_60' title='bbox 369 1402 559 1454; x_wconf 71' lang='lat' dir='ltr'>scribendi</span> <span class='ocrx_word' id='word_1_61' title='bbox 593 1431 755 1465; x_wconf 86' lang='lat' dir='ltr'>genere,</span> <span class='ocrx_word' id='word_1_62' title='bbox 789 1420 888 1463; x_wconf 87' lang='lat' dir='ltr'>quod</span> <span class='ocrx_word' id='word_1_63' title='bbox 914 1423 1035 1454; x_wconf 88' lang='lat' dir='ltr'>totum</span> <span class='ocrx_word' id='word_1_64' title='bbox 1061 1432 1135 1454; x_wconf 89' lang='lat' dir='ltr'>non</span> <span class='ocrx_word' id='word_1_65' title='bbox 1160 1424 1238 1455; x_wconf 80' lang='lat' dir='ltr'>tam</span> <span class='ocrx_word' id='word_1_66' title='bbox 1263 1420 1460 1454; x_wconf 79' lang='lat' dir='ltr'>voluntate</span> <span class='ocrx_word' id='word_1_67' title='bbox 1490 1423 1528 1454; x_wconf 90' lang='lat' dir='ltr'>et</span> <span class='ocrx_word' id='word_1_68' title='bbox 1553 1423 1632 1453; x_wconf 85' lang='lat' dir='ltr'>stu-</span> 
     </span>
     <span class='ocr_line' id='line_1_10' title="bbox 169 1502 1634 1549; baseline -0.003 -10"><span class='ocrx_word' id='word_1_69' title='bbox 169 1503 317 1539; x_wconf 81' lang='lat' dir='ltr'><strong>diorum</strong></span> <span class='ocrx_word' id='word_1_70' title='bbox 345 1503 554 1539; x_wconf 83' lang='lat' dir='ltr'>rationibus</span> <span class='ocrx_word' id='word_1_71' title='bbox 581 1503 730 1549; x_wconf 80' lang='lat' dir='ltr'>regitur</span> <span class='ocrx_word' id='word_1_72' title='bbox 755 1514 869 1547; x_wconf 87' lang='lat' dir='ltr'>quam</span> <span class='ocrx_word' id='word_1_73' title='bbox 905 1502 1058 1537; x_wconf 84' lang='lat' dir='ltr'>aliunde</span> <span class='ocrx_word' id='word_1_74' title='bbox 1092 1502 1250 1547; x_wconf 81' lang='lat' dir='ltr'>pendet,</span> <span class='ocrx_word' id='word_1_75' title='bbox 1286 1513 1359 1536; x_wconf 88' lang='lat' dir='ltr'>non</span> <span class='ocrx_word' id='word_1_76' title='bbox 1389 1513 1541 1547; x_wconf 87' lang='lat' dir='ltr'>possum</span> <span class='ocrx_word' id='word_1_77' title='bbox 1573 1514 1634 1535; x_wconf 88' lang='lat' dir='ltr'>me</span> 
     </span>
     <span class='ocr_line' id='line_1_11' title="bbox 169 1586 1630 1632; baseline -0.001 -11"><span class='ocrx_word' id='word_1_78' title='bbox 169 1587 351 1624; x_wconf 85' lang='lat' dir='ltr'>delectari</span> <span class='ocrx_word' id='word_1_79' title='bbox 376 1588 512 1622; x_wconf 85' lang='lat' dir='ltr'><strong>dicere.</strong></span> <span class='ocrx_word' id='word_1_80' title='bbox 562 1588 615 1621; x_wconf 84' lang='lat' dir='ltr'>Ac</span> <span class='ocrx_word' id='word_1_81' title='bbox 638 1587 762 1632; x_wconf 88' lang='lat' dir='ltr'>potius</span> <span class='ocrx_word' id='word_1_82' title='bbox 786 1599 886 1622; x_wconf 89' lang='lat' dir='ltr'>nunc</span> <span class='ocrx_word' id='word_1_83' title='bbox 912 1587 1039 1630; x_wconf 88' lang='lat' dir='ltr'>etiam,</span> <span class='ocrx_word' id='word_1_84' title='bbox 1065 1588 1167 1622; x_wconf 87' lang='lat' dir='ltr'>hunc</span> <span class='ocrx_word' id='word_1_85' title='bbox 1194 1586 1335 1620; x_wconf 87' lang='lat' dir='ltr'>librum</span> <span class='ocrx_word' id='word_1_86' title='bbox 1360 1587 1630 1630; x_wconf 85' lang='lat' dir='ltr'>contemplans,</span> 
     </span>
     <span class='ocr_line' id='line_1_12' title="bbox 169 1671 1631 1717; baseline -0.003 -11"><span class='ocrx_word' id='word_1_87' title='bbox 169 1683 311 1717; x_wconf 80' lang='lat' dir='ltr'>angore</span> <span class='ocrx_word' id='word_1_88' title='bbox 337 1672 499 1716; x_wconf 80' lang='lat' dir='ltr'>quodam</span> <span class='ocrx_word' id='word_1_89' title='bbox 525 1672 641 1706; x_wconf 91' lang='lat' dir='ltr'>animi</span> <span class='ocrx_word' id='word_1_90' title='bbox 669 1672 840 1714; x_wconf 80' lang='lat' dir='ltr'>afficior,</span> <span class='ocrx_word' id='word_1_91' title='bbox 868 1684 983 1717; x_wconf 89' lang='lat' dir='ltr'>quum</span> <span class='ocrx_word' id='word_1_92' title='bbox 1008 1671 1156 1717; x_wconf 80' lang='lat' dir='ltr'>cogito,</span> <span class='ocrx_word' id='word_1_93' title='bbox 1177 1675 1255 1705; x_wconf 85' lang='lat' dir='ltr'>tam</span> <span class='ocrx_word' id='word_1_94' title='bbox 1281 1671 1402 1705; x_wconf 86' lang='lat' dir='ltr'>multa</span> <span class='ocrx_word' id='word_1_95' title='bbox 1430 1680 1452 1704; x_wconf 89' lang='lat' dir='ltr'>a</span> <span class='ocrx_word' id='word_1_96' title='bbox 1477 1673 1631 1703; x_wconf 85' lang='lat' dir='ltr'>metam</span> 
     </span>
     <span class='ocr_line' id='line_1_13' title="bbox 165 1752 1630 1801; baseline -0.003 -11"><span class='ocrx_word' id='word_1_97' title='bbox 165 1756 294 1801; x_wconf 79' lang='lat' dir='ltr'>paucis</span> <span class='ocrx_word' id='word_1_98' title='bbox 320 1755 426 1790; x_wconf 85' lang='lat' dir='ltr'>aunis</span> <span class='ocrx_word' id='word_1_99' title='bbox 456 1757 617 1801; x_wconf 82' lang='lat' dir='ltr'>carptim</span> <span class='ocrx_word' id='word_1_100' title='bbox 647 1767 726 1790; x_wconf 85' lang='lat' dir='ltr'>esse</span> <span class='ocrx_word' id='word_1_101' title='bbox 759 1756 900 1801; x_wconf 84' lang='lat' dir='ltr'>scripta</span> <span class='ocrx_word' id='word_1_102' title='bbox 934 1756 980 1789; x_wconf 87' lang='lat' dir='ltr'>de</span> <span class='ocrx_word' id='word_1_103' title='bbox 1013 1755 1206 1790; x_wconf 88' lang='lat' dir='ltr'>disiunctis</span> <span class='ocrx_word' id='word_1_104' title='bbox 1233 1753 1465 1800; x_wconf 81' lang='lat' dir='ltr'>argumentis</span> <span class='ocrx_word' id='word_1_105' title='bbox 1497 1757 1533 1787; x_wconf 85' lang='lat' dir='ltr'>et</span> <span class='ocrx_word' id='word_1_106' title='bbox 1558 1752 1630 1786; x_wconf 91' lang='lat' dir='ltr'>mi-</span> 
     </span>
     <span class='ocr_line' id='line_1_14' title="bbox 166 1837 1630 1884; baseline -0.003 -10"><span class='ocrx_word' id='word_1_107' title='bbox 166 1840 266 1874; x_wconf 87' lang='lat' dir='ltr'>nutis</span> <span class='ocrx_word' id='word_1_108' title='bbox 292 1841 428 1882; x_wconf 83' lang='lat' dir='ltr'>rebus,</span> <span class='ocrx_word' id='word_1_109' title='bbox 466 1851 580 1884; x_wconf 87' lang='lat' dir='ltr'>quum</span> <span class='ocrx_word' id='word_1_110' title='bbox 613 1839 765 1875; x_wconf 85' lang='lat' dir='ltr'>interim</span> <span class='ocrx_word' id='word_1_111' title='bbox 803 1840 900 1875; x_wconf 85' lang='lat' dir='ltr'>nihil</span> <span class='ocrx_word' id='word_1_112' title='bbox 934 1851 1065 1875; x_wconf 87' lang='lat' dir='ltr'>eorum</span> <span class='ocrx_word' id='word_1_113' title='bbox 1091 1839 1275 1884; x_wconf 85' lang='lat' dir='ltr'>perficere</span> <span class='ocrx_word' id='word_1_114' title='bbox 1300 1837 1521 1882; x_wconf 61' lang='lat' dir='ltr'>potuerim,</span> <span class='ocrx_word' id='word_1_115' title='bbox 1551 1849 1630 1882; x_wconf 80' lang='lat' dir='ltr'>quae</span> 
     </span>
     <span class='ocr_line' id='line_1_15' title="bbox 164 1919 1630 1969; baseline -0.004 -10"><span class='ocrx_word' id='word_1_116' title='bbox 164 1935 284 1968; x_wconf 86' lang='lat' dir='ltr'>neque</span> <span class='ocrx_word' id='word_1_117' title='bbox 320 1924 510 1961; x_wconf 76' lang='lat' dir='ltr'>frustatim</span> <span class='ocrx_word' id='word_1_118' title='bbox 547 1924 743 1958; x_wconf 86' lang='lat' dir='ltr'>concidere</span> <span class='ocrx_word' id='word_1_119' title='bbox 781 1935 902 1969; x_wconf 88' lang='lat' dir='ltr'>neque</span> <span class='ocrx_word' id='word_1_120' title='bbox 941 1923 1076 1958; x_wconf 84' lang='lat' dir='ltr'>Latina</span> <span class='ocrx_word' id='word_1_121' title='bbox 1110 1921 1280 1957; x_wconf 89' lang='lat' dir='ltr'>oratione</span> <span class='ocrx_word' id='word_1_122' title='bbox 1313 1919 1470 1955; x_wconf 87' lang='lat' dir='ltr'>induere</span> <span class='ocrx_word' id='word_1_123' title='bbox 1511 1932 1630 1965; x_wconf 86' lang='lat' dir='ltr'>neque</span> 
     </span>
     <span class='ocr_line' id='line_1_16' title="bbox 166 2003 1629 2049; baseline -0.004 -8"><span class='ocrx_word' id='word_1_124' title='bbox 166 2008 307 2043; x_wconf 87' lang='lat' dir='ltr'>chartis</span> <span class='ocrx_word' id='word_1_125' title='bbox 333 2008 378 2043; x_wconf 84' lang='lat' dir='ltr'>ad</span> <span class='ocrx_word' id='word_1_126' title='bbox 405 2007 745 2042; x_wconf 82' lang='lat' dir='ltr'>diversissimorum</span> <span class='ocrx_word' id='word_1_127' title='bbox 768 2007 980 2043; x_wconf 86' lang='lat' dir='ltr'>studiorum</span> <span class='ocrx_word' id='word_1_128' title='bbox 1005 2006 1176 2041; x_wconf 86' lang='lat' dir='ltr'>homines</span> <span class='ocrx_word' id='word_1_129' title='bbox 1197 2004 1423 2049; x_wconf 81' lang='lat' dir='ltr'>vagantibus</span> <span class='ocrx_word' id='word_1_130' title='bbox 1449 2003 1629 2036; x_wconf 84' lang='lat' dir='ltr'>mandare</span> 
     </span>
     <span class='ocr_line' id='line_1_17' title="bbox 166 2086 1629 2134; baseline -0.005 -8"><span class='ocrx_word' id='word_1_131' title='bbox 166 2092 354 2127; x_wconf 67' lang='lat' dir='ltr'>volebam.</span> <span class='ocrx_word' id='word_1_132' title='bbox 430 2090 503 2125; x_wconf 87' lang='lat' dir='ltr'>Sed</span> <span class='ocrx_word' id='word_1_133' title='bbox 538 2101 652 2134; x_wconf 85' lang='lat' dir='ltr'>quum</span> <span class='ocrx_word' id='word_1_134' title='bbox 688 2088 783 2124; x_wconf 84' lang='lat' dir='ltr'>mihi</span> <span class='ocrx_word' id='word_1_135' title='bbox 810 2089 909 2123; x_wconf 88' lang='lat' dir='ltr'>hanc</span> <span class='ocrx_word' id='word_1_136' title='bbox 944 2089 1131 2123; x_wconf 85' lang='lat' dir='ltr'>scribendi</span> <span class='ocrx_word' id='word_1_137' title='bbox 1159 2088 1322 2122; x_wconf 81' lang='lat' dir='ltr'>formam</span> <span class='ocrx_word' id='word_1_138' title='bbox 1350 2086 1515 2121; x_wconf 86' lang='lat' dir='ltr'>muneris</span> <span class='ocrx_word' id='word_1_139' title='bbox 1553 2086 1629 2120; x_wconf 89' lang='lat' dir='ltr'>mci</span> 
     </span>
     <span class='ocr_line' id='line_1_18' title="bbox 166 2171 1628 2217; baseline -0.003 -8"><span class='ocrx_word' id='word_1_140' title='bbox 166 2175 262 2209; x_wconf 86' lang='lat' dir='ltr'>ratio</span> <span class='ocrx_word' id='word_1_141' title='bbox 290 2179 326 2208; x_wconf 88' lang='lat' dir='ltr'>et</span> <span class='ocrx_word' id='word_1_142' title='bbox 352 2172 470 2207; x_wconf 85' lang='lat' dir='ltr'>officii</span> <span class='ocrx_word' id='word_1_143' title='bbox 495 2172 726 2217; x_wconf 88' lang='lat' dir='ltr'>imponeret,</span> <span class='ocrx_word' id='word_1_144' title='bbox 752 2171 838 2205; x_wconf 86' lang='lat' dir='ltr'>dedi</span> <span class='ocrx_word' id='word_1_145' title='bbox 864 2183 1042 2216; x_wconf 84' lang='lat' dir='ltr'>operam,</span> <span class='ocrx_word' id='word_1_146' title='bbox 1077 2176 1138 2215; x_wconf 89' lang='lat' dir='ltr'>ut,</span> <span class='ocrx_word' id='word_1_147' title='bbox 1166 2171 1312 2205; x_wconf 86' lang='lat' dir='ltr'>etiamsi</span> <span class='ocrx_word' id='word_1_148' title='bbox 1339 2171 1468 2206; x_wconf 86' lang='lat' dir='ltr'>tenuia</span> <span class='ocrx_word' id='word_1_149' title='bbox 1494 2175 1628 2213; x_wconf 81' lang='lat' dir='ltr'>essent,</span> 
     </span>
     <span class='ocr_line' id='line_1_19' title="bbox 165 2254 1626 2303; baseline -0.003 -10"><span class='ocrx_word' id='word_1_150' title='bbox 165 2269 243 2303; x_wconf 82' lang='lat' dir='ltr'>quae</span> <span class='ocrx_word' id='word_1_151' title='bbox 269 2255 561 2302; x_wconf 79' lang='lat' dir='ltr'>programmatis</span> <span class='ocrx_word' id='word_1_152' title='bbox 587 2255 891 2297; x_wconf 85' lang='lat' dir='ltr'>includerentur,</span> <span class='ocrx_word' id='word_1_153' title='bbox 937 2266 1011 2289; x_wconf 87' lang='lat' dir='ltr'>non</span> <span class='ocrx_word' id='word_1_154' title='bbox 1052 2259 1172 2290; x_wconf 84' lang='lat' dir='ltr'>essent</span> <span class='ocrx_word' id='word_1_155' title='bbox 1206 2259 1334 2291; x_wconf 83' lang='lat' dir='ltr'>tamen</span> <span class='ocrx_word' id='word_1_156' title='bbox 1373 2254 1524 2295; x_wconf 82' lang='lat' dir='ltr'>inania,</span> <span class='ocrx_word' id='word_1_157' title='bbox 1563 2255 1626 2288; x_wconf 87' lang='lat' dir='ltr'>scd</span> 
     </span>
     <span class='ocr_line' id='line_1_20' title="bbox 165 2338 1626 2386; baseline -0.002 -11"><span class='ocrx_word' id='word_1_158' title='bbox 165 2341 308 2386; x_wconf 79' lang='lat' dir='ltr'>aliquid</span> <span class='ocrx_word' id='word_1_159' title='bbox 333 2340 516 2376; x_wconf 84' lang='lat' dir='ltr'>haberent</span> <span class='ocrx_word' id='word_1_160' title='bbox 541 2340 647 2381; x_wconf 76' lang='lat' dir='ltr'>novi,</span> <span class='ocrx_word' id='word_1_161' title='bbox 674 2339 771 2383; x_wconf 89' lang='lat' dir='ltr'>quod</span> <span class='ocrx_word' id='word_1_162' title='bbox 799 2339 1004 2384; x_wconf 80' lang='lat' dir='ltr'>philologis</span> <span class='ocrx_word' id='word_1_163' title='bbox 1030 2340 1181 2381; x_wconf 85' lang='lat' dir='ltr'>saltem,</span> <span class='ocrx_word' id='word_1_164' title='bbox 1207 2339 1238 2373; x_wconf 88' lang='lat' dir='ltr'>si</span> <span class='ocrx_word' id='word_1_165' title='bbox 1262 2339 1300 2373; x_wconf 91' lang='lat' dir='ltr'>in</span> <span class='ocrx_word' id='word_1_166' title='bbox 1328 2350 1372 2373; x_wconf 86' lang='lat' dir='ltr'>ea</span> <span class='ocrx_word' id='word_1_167' title='bbox 1396 2338 1626 2377; x_wconf 75' lang='lat' dir='ltr'>incidissent,</span> 
     </span>
     <span class='ocr_line' id='line_1_21' title="bbox 165 2423 1625 2468; baseline -0.003 -8"><span class='ocrx_word' id='word_1_168' title='bbox 165 2425 259 2462; x_wconf 90' lang='lat' dir='ltr'>utile</span> <span class='ocrx_word' id='word_1_169' title='bbox 291 2427 397 2459; x_wconf 87' lang='lat' dir='ltr'>esset.</span> <span class='ocrx_word' id='word_1_170' title='bbox 446 2423 544 2457; x_wconf 72' lang='lat' dir='ltr'>Nam</span> <span class='ocrx_word' id='word_1_171' title='bbox 580 2426 616 2456; x_wconf 87' lang='lat' dir='ltr'>et</span> <span class='ocrx_word' id='word_1_172' title='bbox 643 2423 745 2457; x_wconf 91' lang='lat' dir='ltr'>locos</span> <span class='ocrx_word' id='word_1_173' title='bbox 781 2423 926 2468; x_wconf 85' lang='lat' dir='ltr'>aliquot</span> <span class='ocrx_word' id='word_1_174' title='bbox 960 2435 1003 2458; x_wconf 81' lang='lat' dir='ltr'>ex</span> <span class='ocrx_word' id='word_1_175' title='bbox 1032 2424 1211 2459; x_wconf 82' lang='lat' dir='ltr'>historico</span> <span class='ocrx_word' id='word_1_176' title='bbox 1248 2424 1385 2458; x_wconf 84' lang='lat' dir='ltr'>horum</span> <span class='ocrx_word' id='word_1_177' title='bbox 1416 2423 1625 2457; x_wconf 85' lang='lat' dir='ltr'>studiorum</span> 
     </span>
     <span class='ocr_line' id='line_1_22' title="bbox 163 2505 1624 2555; baseline -0.001 -13"><span class='ocrx_word' id='word_1_178' title='bbox 163 2519 315 2555; x_wconf 80' lang='lat' dir='ltr'>genere,</span> <span class='ocrx_word' id='word_1_179' title='bbox 340 2506 404 2552; x_wconf 89' lang='lat' dir='ltr'>qui</span> <span class='ocrx_word' id='word_1_180' title='bbox 423 2505 627 2551; x_wconf 79' lang='lat' dir='ltr'>separatim</span> <span class='ocrx_word' id='word_1_181' title='bbox 643 2506 821 2551; x_wconf 81' lang='lat' dir='ltr'>explicari</span> <span class='ocrx_word' id='word_1_182' title='bbox 838 2509 1031 2542; x_wconf 85' lang='lat' dir='ltr'>commode</span> <span class='ocrx_word' id='word_1_183' title='bbox 1043 2513 1206 2554; x_wconf 85' lang='lat' dir='ltr'>possent,</span> <span class='ocrx_word' id='word_1_184' title='bbox 1226 2507 1404 2553; x_wconf 80' lang='lat' dir='ltr'>explicati</span> <span class='ocrx_word' id='word_1_185' title='bbox 1419 2511 1544 2542; x_wconf 89' lang='lat' dir='ltr'>autem</span> <span class='ocrx_word' id='word_1_186' title='bbox 1565 2508 1624 2540; x_wconf 91' lang='lat' dir='ltr'>lu-</span> 
     </span>
     <span class='ocr_line' id='line_1_23' title="bbox 163 2589 1623 2638; baseline -0.003 -12"><span class='ocrx_word' id='word_1_187' title='bbox 163 2604 243 2627; x_wconf 89' lang='lat' dir='ltr'>cem</span> <span class='ocrx_word' id='word_1_188' title='bbox 255 2592 420 2636; x_wconf 82' lang='lat' dir='ltr'>aliquam</span> <span class='ocrx_word' id='word_1_189' title='bbox 433 2591 544 2625; x_wconf 85' lang='lat' dir='ltr'>rebus</span> <span class='ocrx_word' id='word_1_190' title='bbox 555 2591 708 2637; x_wconf 85' lang='lat' dir='ltr'>cognitu</span> <span class='ocrx_word' id='word_1_191' title='bbox 721 2591 843 2637; x_wconf 85' lang='lat' dir='ltr'>dignis</span> <span class='ocrx_word' id='word_1_192' title='bbox 857 2593 1014 2627; x_wconf 83' lang='lat' dir='ltr'>allaturi</span> <span class='ocrx_word' id='word_1_193' title='bbox 1030 2597 1164 2634; x_wconf 78' lang='lat' dir='ltr'>essent,</span> <span class='ocrx_word' id='word_1_194' title='bbox 1174 2591 1456 2638; x_wconf 87' lang='lat' dir='ltr'>pertractandos</span> <span class='ocrx_word' id='word_1_195' title='bbox 1470 2589 1623 2634; x_wconf 83' lang='lat' dir='ltr'>sumpsi,</span> 
     </span>
     <span class='ocr_line' id='line_1_24' title="bbox 164 2673 1622 2722; baseline -0.003 -12"><span class='ocrx_word' id='word_1_196' title='bbox 164 2681 201 2711; x_wconf 85' lang='lat' dir='ltr'>et</span> <span class='ocrx_word' id='word_1_197' title='bbox 227 2688 270 2710; x_wconf 81' lang='lat' dir='ltr'>cx</span> <span class='ocrx_word' id='word_1_198' title='bbox 296 2675 429 2710; x_wconf 88' lang='lat' dir='ltr'>critico</span> <span class='ocrx_word' id='word_1_199' title='bbox 458 2679 494 2711; x_wconf 84' lang='lat' dir='ltr'>ct</span> <span class='ocrx_word' id='word_1_200' title='bbox 519 2676 768 2720; x_wconf 83' lang='lat' dir='ltr'>grammatico</span> <span class='ocrx_word' id='word_1_201' title='bbox 795 2688 955 2722; x_wconf 82' lang='lat' dir='ltr'>genere,</span> <span class='ocrx_word' id='word_1_202' title='bbox 992 2689 1070 2722; x_wconf 77' lang='lat' dir='ltr'>quae</span> <span class='ocrx_word' id='word_1_203' title='bbox 1098 2677 1145 2711; x_wconf 87' lang='lat' dir='ltr'>ad</span> <span class='ocrx_word' id='word_1_204' title='bbox 1171 2676 1371 2721; x_wconf 84' lang='lat' dir='ltr'>scriptores</span> <span class='ocrx_word' id='word_1_205' title='bbox 1397 2678 1542 2708; x_wconf 72' lang='lat' dir='ltr'>veteres</span> <span class='ocrx_word' id='word_1_206' title='bbox 1568 2673 1622 2705; x_wconf 92' lang='lat' dir='ltr'>in-</span> 
     </span>
     <span class='ocr_line' id='line_1_25' title="bbox 163 2756 1623 2806; baseline -0.005 -10"><span class='ocrx_word' id='word_1_207' title='bbox 163 2760 422 2806; x_wconf 77' lang='lat' dir='ltr'>terpretandos</span> <span class='ocrx_word' id='word_1_208' title='bbox 448 2763 484 2794; x_wconf 89' lang='lat' dir='ltr'>et</span> <span class='ocrx_word' id='word_1_209' title='bbox 510 2760 759 2795; x_wconf 80' lang='lat' dir='ltr'>emendandos</span> <span class='ocrx_word' id='word_1_210' title='bbox 785 2760 1039 2805; x_wconf 86' lang='lat' dir='ltr'>pertinerent,</span> <span class='ocrx_word' id='word_1_211' title='bbox 1075 2761 1196 2794; x_wconf 86' lang='lat' dir='ltr'>multa</span> <span class='ocrx_word' id='word_1_212' title='bbox 1222 2757 1422 2804; x_wconf 86' lang='lat' dir='ltr'>disputavi.</span> <span class='ocrx_word' id='word_1_213' title='bbox 1470 2757 1526 2791; x_wconf 81' lang='lat' dir='ltr'>Ad</span> <span class='ocrx_word' id='word_1_214' title='bbox 1552 2756 1623 2790; x_wconf 89' lang='lat' dir='ltr'>La—</span> 
     </span>
    </p>
   </div>
   <div class='ocr_carea' id='block_1_4' title="bbox 165 2840 1622 2892">
    <p class='ocr_par' dir='ltr' id='par_1_4' title="bbox 165 2840 1622 2892">
     <span class='ocr_line' id='line_1_26' title="bbox 165 2840 1622 2892; baseline -0.004 -13"><span class='ocrx_word' id='word_1_215' title='bbox 165 2844 242 2879; x_wconf 84' lang='lat' dir='ltr'>tina</span> <span class='ocrx_word' id='word_1_216' title='bbox 267 2848 393 2881; x_wconf 81' lang='lat' dir='ltr'>autem</span> <span class='ocrx_word' id='word_1_217' title='bbox 419 2842 651 2889; x_wconf 81' lang='lat' dir='ltr'>potissimum</span> <span class='ocrx_word' id='word_1_218' title='bbox 680 2850 902 2890; x_wconf 76' lang='lat' dir='ltr'>argumenta</span> <span class='ocrx_word' id='word_1_219' title='bbox 938 2845 1138 2892; x_wconf 82' lang='lat' dir='ltr'>deligenda</span> <span class='ocrx_word' id='word_1_220' title='bbox 1171 2844 1405 2883; x_wconf 87' lang='lat' dir='ltr'>deducebar,</span> <span class='ocrx_word' id='word_1_221' title='bbox 1445 2840 1542 2886; x_wconf 81' lang='lat' dir='ltr'>quod</span> <span class='ocrx_word' id='word_1_222' title='bbox 1580 2852 1622 2873; x_wconf 77' lang='lat' dir='ltr'>ea</span> 
     </span>
    </p>
   </div>
  </div>
 </body>
</html>
