1981 3390
1479 228 1567 278 101

197 366 222 391 a
251 351 459 391 Cicerone
499 349 665 391 Latinis
708 348 846 389 literis
887 349 1146 397 instructus,
1192 360 1276 388 non
1311 345 1474 388 Graecis
1503 351 1636 403 signi-

198 427 349 469 ficatur
370 428 425 478 ¹).

313 504 428 545 Satis
457 510 523 543 est
552 516 611 543 ex
642 501 722 543 hac
763 514 893 543 causa
929 501 1127 543 sublatus
1169 500 1324 543 Ateius
1365 502 1447 541 iste
1485 508 1529 541 et
1568 514 1635 542 or-

196 566 406 621 namentis
437 578 600 620 fictitiis
633 581 852 635 privatus,
894 579 1244 634 patefactumque
1277 577 1434 629 simul,
1476 585 1636 634 quanta

194 658 536 698 testimoniorum
579 659 807 698 consensio
855 659 937 708 sit,
989 657 1110 699 Attio
1159 664 1298 713 poetae
1343 655 1636 697 didascalicon

194 735 328 776 libros
363 735 698 785 vindicantium,
742 742 788 775 ut
833 735 920 775 iam
958 735 1190 776 videndum
1233 736 1314 784 sit,
1357 733 1504 789 qualia
1535 735 1636 784 sint,

194 827 286 868 qnae
316 813 384 853 his
415 810 743 854 auctoritatibus
776 819 1080 866 opponuntur,
1112 821 1382 867 argumenta.
1443 811 1515 851 Ex
1543 812 1635 866 qui-

195 890 275 930 bus
320 889 428 930 illud
470 891 547 930 vix
592 887 890 942 attingendum
924 896 1016 938 est,
1046 888 1174 942 ,quod
1205 889 1290 928 nisi
1321 886 1559 940 honorifice
1593 895 1637 928 et

192 967 357 1006 adiecto
384 973 520 1020 poetae
551 963 678 1004 titulo
710 962 862 1004 Cicero
893 962 1141 1014 hominem,
1175 978 1302 1020 quem
1329 965 1437 1005 tanti
1470 964 1636 1015 fecerit,

190 1041 266 1082 illo
309 1040 432 1082 Bruti
476 1040 573 1082 loco
617 1055 703 1082 non
749 1050 1162 1083 commemoraturus
1210 1042 1345 1083 fuisse
1394 1042 1550 1083 dicitur
1592 1048 1635 1081 et

190 1133 379 1160 errorem
403 1120 706 1175 castigaturus.
769 1117 881 1160 Nam
904 1134 1059 1175 neque,
1087 1134 1161 1160 cur
1178 1128 1316 1176 poetae
1336 1118 1572 1175 appellatio
1589 1120 1634 1159 in

191 1198 416 1237 notissimo
447 1196 622 1238 homine
653 1210 825 1252 unoque
858 1198 951 1237 eius
983 1198 1170 1238 nominis
1198 1199 1407 1252 scriptore
1438 1210 1635 1238 necessa-

190 1275 254 1314 ria
286 1274 439 1324 suerit,
484 1274 636 1324 video,
679 1275 776 1329 (nec
804 1282 870 1314 est
900 1276 946 1315 in
981 1289 1074 1330 cap.
1102 1276 1190 1326 64‚)
1234 1289 1396 1330 neque,
1441 1289 1516 1315 cur
1548 1287 1634 1314 non

190 1350 359 1392 licuerit
398 1350 653 1406 simpliciter
694 1352 787 1392 sine
830 1350 923 1392 ullo
966 1350 1194 1393 verborum
1236 1351 1401 1393 honore
1433 1359 1506 1392 aut
1535 1364 1635 1392 con-

190 1428 368 1468 tumelia
419 1442 598 1482 gravem
643 1443 832 1469 errorem
876 1429 1093 1470 refellere.
1176 1428 1275 1484 Ipse
1321 1437 1464 1470 autem
1515 1442 1635 1469 error

189 1508 305 1556 (nam
348 1505 388 1545 id
427 1504 565 1546 altero
608 1504 704 1546 loco
734 1507 943 1560 ponitur,)
992 1508 1074 1547 etsi
1107 1508 1241 1547 mirus
1273 1515 1339 1547 est
1369 1506 1563 1561 profecto
1588 1506 1633 1545 in

188 1597 234 1623 re
269 1591 311 1623 et
345 1590 502 1624 testata
541 1596 620 1623 nec
663 1583 800 1623 veteri
830 1582 1059 1623 admodum
1094 1591 1136 1623 et
1169 1597 1265 1624 cum
1295 1583 1465 1640 reliqua
1494 1596 1633 1624 scenae

191 1658 369 1700 historia
398 1661 652 1711 coniuncta,
682 1668 826 1700 tamen
860 1659 982 1701 nulla
1013 1668 1078 1701 est
1111 1675 1265 1711 cansa,
1311 1675 1386 1702 cur
1425 1660 1479 1702 ab
1509 1661 1632 1702 Attio

189 1751 285 1777 eum
326 1739 533 1778 committi
571 1738 766 1792 potuisse
814 1751 1048 1792 negemus,
1088 1737 1142 1778 ab
1185 1738 1273 1779 alio
1314 1747 1458 1780 autem
1504 1738 1630 1779 docto

189 1813 385 1864 homine,
435 1817 507 1869 qui
539 1817 584 1856 in
623 1815 836 1856 eiusmodi
867 1815 998 1856 rebus
1039 1817 1279 1871 quaerendis
1318 1824 1361 1856 et
1393 1815 1632 1857 scribendis

186 1891 408 1946 singulare
441 1893 629 1933 studium
663 1893 901 1947 posuisset,
944 1907 1029 1934 non
1071 1893 1202 1948 longe
1244 1893 1298 1934 ab
1340 1894 1492 1933 eodem
1524 1901 1631 1933 tem·

188 1981 291 2022 pore
337 1969 612 2009 commissum
650 1970 857 2009 dicamus.
896 1995 898 1997 v
946 1969 1098 2023 Neque
1132 1971 1246 2009 enim
1291 1978 1460 2023 tempus
1499 1971 1630 2010 inter·

188 2046 346 2084 iectum
377 2046 489 2085 inter
515 2044 710 2095 Attium,
745 2046 816 2101 qui
844 2044 1066 2087 Ciceronis
1098 2053 1266 2086 aetatem
1297 2059 1436 2086 senex
1470 2047 1628 2102 attigit,

278 2227 470 2273 figendum
486 2241 565 2265 esse
579 2230 757 2265 Asconius
773 2230 893 2271 docet,
919 2234 1114 2274 praetorem
1131 2231 1315 2266 urbanum
1342 2231 1456 2266 fuisse
1482 2230 1628 2266 videtur

275 2289 490 2329 ostendere,
526 2294 567 2324 ut
594 2290 656 2334 qui
684 2291 750 2324 Cn.
779 2290 967 2332 Cornelii,
1002 2291 1115 2333 civis,
1150 2293 1336 2327 bonorum
1361 2292 1628 2338 possessionem

273 2347 419 2382 dederit
452 2350 494 2384 P.
529 2349 707 2395 Scipioni.
790 2351 871 2385 Non
905 2351 1052 2386 videtur
1097 2354 1366 2396 dubitandum,
1409 2353 1497 2399 quin
1530 2353 1628 2387 idem

274 2413 376 2442 recte
403 2409 639 2456 intelligatur
663 2411 762 2456 apud
786 2412 860 2445 Cic.
889 2413 994 2447 Verr.
1021 2414 1068 2455 ΙΙ,
1094 2414 1140 2448 45
1164 2419 1201 2450 ct
1225 2416 1287 2457 IV,
1312 2415 1368 2450 15.

211 2470 246 2510 ¹)
272 2470 458 2514 Quoniam
488 2482 633 2505 errores
657 2471 693 2505 in
720 2472 791 2506 hoc
808 2473 960 2506 homine
983 2474 1196 2509 commissos
1217 2481 1348 2510 notare
1367 2475 1503 2520 incepi,
1532 2475 1626 2508 addo

272 2530 316 2565 0.
329 2531 548 2567 nivisium-i
562 2536 598 2566 et
608 2532 747 2578 Baehrii
759 2533 865 2576 (hist.
879 2533 934 2567 lit.
948 2534 1029 2569 Lat.
1043 2548 1077 2579 p.
1090 2535 1177 2578 278,
1194 2549 1229 2581 p.
1245 2536 1314 2571 376
1333 2538 1389 2571 ed.
1403 2536 1458 2580 2),
1499 2536 1624 2569 Sallu·
1645 2532 1647 2537 ’

273 2589 386 2624 stium
407 2595 612 2626 extremam
631 2585 715 2627 vlitae
735 2595 926 2638 partemin
943 2596 1198 2630 consuetudine
1213 2597 1393 2642 elegantis
1404 2595 1625 2640 philosophi,

276 2651 376 2684 Ateii
398 2652 617 2686 Praetextati
637 2654 873 2700 transegisse,
900 2660 937 2690 et
961 2656 1080 2690 Vossii
1107 2661 1143 2691 et
1166 2658 1305 2692 Baelnrii
1331 2659 1384 2703 (p.
1411 2657 1490 2697 285,
1512 2669 1546 2700 p.
1560 2655 1628 2690 388

274 2713 329 2747 ed.
354 2712 417 2757 2),
457 2714 626 2748 Asinium
660 2715 871 2750 Pollionem
913 2717 1099 2752 breviario
1135 2730 1260 2754 rerum
1301 2721 1408 2754 Rom.
1443 2718 1489 2751 al·
1518 2716 1624 2751 Ateio

273 2772 493 2809 instructum
522 2775 774 2817 narrantium,
810 2788 853 2811 ex
879 2778 978 2812 male
1001 2778 1194 2819 intellecto
1222 2779 1389 2815 Suetonii
1418 2780 1522 2817 loco,
1559 2778 1619 2810 ubi

274 2838 442 2876 apertura
468 2840 533 2875 eet,
561 2836 597 2870 id
625 2837 670 2871 ad
693 2836 914 2873 Sallustium
938 2839 1135 2883 pertinere.
