1981 3390
1438 252 1527 300 157

147 374 323 430 proprie
365 369 519 416 Cicero
559 369 613 415 de
653 367 964 414 Tuberonibus
1006 368 1221 423 dixisset,
1266 369 1475 424 subiecit,
1515 387 1600 416 non

146 452 192 493 in
220 451 276 492 iis
305 450 459 506 magIs,
491 462 620 505 quam
650 449 696 490 in
729 447 910 505 reliquis
940 462 1040 490 eum
1071 449 1263 491 animum
1296 449 1448 491 fuisse.
1508 450 1601 493 Iam

146 528 565 585 apte.communiter
608 526 866 568 addebatur:
911 540 1054 568 omnes
1094 531 1221 568 enim.
1300 527 1451 584 Itaque
1481 530 1602 570 exci-

146 608 262 648 disse
296 604 531 656 nonnulla,
572 606 851 646 manifestum
888 614 968 646 est.
1041 605 1198 647 Paucis
1240 605 1329 647 alia
1363 621 1457 658 res,
1496 621 1602 662 quo-

145 685 263 726 niam
295 684 408 726 forte
442 685 487 724 in
520 698 615 725 eam
650 683 861 725 hoc-loco
894 684 1052 735 incidi,
1097 685 1314 741 tangenda
1343 694 1422 726 est.
1479 685 1602 727 Duo-

145 761 228 804 bus
257 763 472 812 versibus,
510 763 582 818 qni
613 762 665 804 ad
699 764 923 818 superiora
951 761 1247 805 confirmanda
1272 765 1506 817 pertinent,
1537 765 1603 806 in-

144 843 390 895 terpositiS‚
440 841 591 882 eadem
625 841 716 882 fere
749 840 881 882 verba
911 841 1140 897 leguntur:
1195 843 1369 891 Omnes,
1412 846 1602 896 iuquam,

145 923 324 961 vincere
378 919 640 960 volebamus.
720 918 787 959 lbi
840 918 1100 960 Schuetzius
1144 928 1187 960 et
1238 919 1435 960 Orellius
1488 918 1605 960 Goe-

142 999 282 1039 renzii
313 999 606 1038 coniecturam
636 997 775 1037 secuti
808 1009 974 1048 omues,
1015 1009 1183 1048 omnes,
1218 1000 1420 1052 inquam,
1457 996 1603 1038 edide-

141 1084 265 1126 runt,
299 1075 562 1126 necessaria,
593 1082 640 1115 ut
671 1081 847 1128 putant,
877 1083 1054 1129 propter
1086 1078 1259 1130 inquam
1290 1075 1602 1130 duplicatione,

142 1152 312 1197 Verum
344 1168 396 1194 ea
441 1152 584 1194 locum
630 1151 763 1193 habet
805 1154 851 1194 in
885 1151 1020 1194 verbo
1062 1152 1208 1210 aliquo
1249 1168 1337 1195 uno
1382 1168 1467 1195 non
1501 1162 1602 1195 ante

141 1233 312 1288 posito,
362 1231 445 1273 hoc
473 1230 571 1272 loco
605 1230 715 1272 nihil
748 1233 835 1272 nisi
866 1233 962 1286 ipsa
992 1233 1211 1274 sententia
1244 1234 1442 1289 superior
1478 1247 1604 1288 repe-

145 1312 277 1362 titur,
307 1318 355 1350 ut
383 1309 688 1350 vehementius
719 1309 874 1361 feriat3
918 1310 961 1350 id
993 1324 1125 1365 quum
1166 1308 1269 1361 fiat,
1313 1313 1408 1352 sive
1448 1311 1604 1352 iisdem

143 1389 253 1444 ipsis
283 1386 431 1429 verbis
464 1389 557 1428 sive
588 1385 817 1443 paululum
843 1389 1036 1439 mutatis,
1067 1396 1141 1429 aut
1174 1403 1304 1445 quum
1339 1390 1404 1429 vis
1435 1397 1604 1430 tantum

142 1467 302 1522 prioris
335 1467 562 1506 sententiae
592 1465 811 1516 reddatur,
844 1465 1011 1508 nullam
1043 1480 1139 1507 esse
1169 1467 1445 1522 singulorum
1476 1481 1606 1509 voca-

143 1543 350 1585 bulorum
381 1551 483 1584 ante
518 1546 693 1598 inquam
724 1541 1091 1598 duplicationem,
1138 1559 1244 1586 sane
1290 1544 1478 1586 debebat
1509 1559 1606 1586 esse

143 1631 310 1665 notum.
371 1621 525 1678 Itaque
566 1635 654 1662 non
694 1621 838 1662 minus
875 1636 1011 1676 prave
1041 1623 1085 1663 in
1117 1624 1315 1665 oratione
1347 1637 1428 1679 pro
1459 1622 1608 1664 Deiot.

144 1702 225 1753 12,
254 1702 311 1742 34
341 1709 517 1756 recepta
550 1708 616 1741 est
644 1699 849 1741 Lambini
883 1702 1156 1753 coniectura,
1201 1701 1418 1758 legentis:
1460 1700 1606 1752 Solus,

143 1781 287 1832 solus,
318 1783 509 1835 inquam.
583 1778 712 1829 Quod
740 1780 883 1820 inerat
913 1781 1000 1821 iam
1032 1781 1078 1821 in
1110 1780 1190 1822 illa
1221 1782 1460 1823 sententia:
1502 1779 1608 1829 (luce

145 1872 310 1914 semper
335 1863 384 1900 in
416 1858 544 1900 civile·
572 1861 761 1899 victoria
790 1862 1025 1911 sensimus,
1073 1873 1125 1901 ea
1158 1853 1202 1901 {e
1226 1858 1399 1901 ‘victore
1424 1873 1510 1901 aon
1543 1863 1608 1900 υί-

145 1937 308 1989 dimus,
341 1937 418 1979 sed
446 1935 716 1989 involutum,
759 1937 803 1978 id
835 1939 1029 1993 apertius
1061 1946 1105 1979 et
1149 1938 1414 1994 explicatius
1446 1938 1606 1992 repeti-

144 2021 236 2055 tur:
268 2013 420 2065 Solus,
454 2017 645 2067 iuquam.
718 2014 854 2055 Recte
896 2017 1032 2070 igitur
1077 2014 1261 2056 Classen
1305 2018 1350 2056 in
1391 2023 1498 2056 orat.
1529 2029 1606 2070 pro

147 2089 321 2132 Cluent.
351 2092 434 2142 24,
467 2091 523 2131 65
559 2091 756 2142 (Audete
797 2105 988 2147 negare,
1038 2091 1091 2133 ab
1138 2093 1377 2148 Oppianico
1421 2092 1605 2134 Staieno

144 2169 289 2211 iudici
316 2172 550 2224 pecaniam
586 2169 756 2218 datam,·
811 2176 998 2225 negate,
1033 2174 1233 2226 inquam,
1276 2175 1324 2213 in
1367 2185 1415 2213 eo
1458 2169 1604 2227 [meo]

144 2247 260 2301 loco)
303 2247 472 2288 codices
515 2249 703 2302 optimos
745 2257 919 2289 secutus
953 2248 1091 2290 semel
1130 2257 1296 2291 tantum
1339 2255 1498 2305 negate
1528 2263 1606 2305 po-

144 2325 256 2376 suit,
298 2338 385 2365 non
431 2333 548 2366 recte
591 2325 707 2366 idem
754 2325 875 2367 locos
929 2326 1178 2382 Ligarianae
1223 2336 1266 2369 et
1308 2328 1605 2369 Deiotariana)

143 2404 258 2444 inter
291 2401 498 2458 exempla
527 2403 673 2459 posuit
709 2405 830 2445 vocis
862 2403 1093 2460 duplicatae
1125 2413 1226 2447 ante
1259 2409 1450 2462 inquam.
1513 2405 1607 2448 Nec

143 2480 335 2538 Philipp.
366 2480 424 2533 11,
454 2483 523 2532 12,
555 2483 612 2523 30
640 2481 828 2534 (edormi
857 2485 1096 2538 crapulam,
1127 2487 1317 2540 inquam,
1349 2491 1393 2526 et
1419 2483 1603 2540 exhala)

145 2560 378 2617 quidquam
411 2560 664 2602 mutandum
693 2569 786 2610 est3
827 2560 960 2603 habet
993 2563 1109 2604 enim
1139 2562 1218 2605 illa
1247 2565 1462 2619 scriptura
1492 2563 1604 2605 hanc

145 2639 432 2681 sententiam:
475 2652 606 2695 quum
640 2646 682 2680 te
717 2640 982 2682 constituere
1013 2640 1125 2683 illud
1154 2640 1312 2694 iubeo,
1346 2641 1428 2683 hoc
1459 2640 1605 2694 iubeo,

147 2716 370 2774 crapulam
399 2725 448 2758 ut
476 2717 716 2767 edormias3
745 2732 799 2760 ea
815 2727 882 2761 est
905 2720 1022 2762 enim
1041 2734 1173 2763 causa
1190 2719 1427 2762 oblivionis
1445 2727 1528 2761 tuae
1546 2722 1603 2770 1).

175 2826 214 2869 ι)
240 2826 342 2869 [Alia
377 2826 543 2862 eiusdem
578 2827 716 2863 erroris
748 2828 920 2874 exempla
954 2832 1142 2874 ponentur
1173 2828 1275 2864 infra
1309 2830 1355 2863 ad
1401 2830 1495 2863 orat.
1534 2840 1602 2874 pro

241 2883 338 2922 Seat.
367 2898 400 2923 c.
424 2887 483 2930 11,
506 2887 580 2933 26]
630 2888 771 2928 Fateor
799 2900 860 2926 me
882 2889 1112 2928 constituere
1137 2902 1210 2928 non
1238 2902 1357 2937 posse,
1383 2889 1603 2927 Ciceronine
