1981 3390
378 356 533 404 praeter
563 347 685 388 illum
726 361 783 388 ex
830 355 936 400 orat.
969 345 1011 386 ll
1046 346 1090 386 in
1124 344 1268 386 Catil..
1295 345 1436 386 locum
1481 344 1614 386 alium
1654 347 1708 386 de
1747 347 1824 388 se-

378 434 491 466 nect.
522 426 596 465 10:
624 427 758 478 agris,
793 426 902 463 vicis
933 428 1061 476 alque
1091 422 1283 475 oppe'de’s,·
1317 437 1469 463 verum
1488 423 1524 461 is
1542 421 1666 461 locus
1686 435 1825 476 neque

376 504 421 550 in
452 501 530 541 illo
566 500 677 541 libro
709 499 875 554 legitur
904 513 1043 552 neque
1073 501 1256 552 reperiri
1288 513 1313 539 a
1342 513 1409 538 ine
1440 499 1605 553 potuit3
1651 506 1741 538 tum
1771 511 1826 538 ex

377 578 444 619 his
465 578 571 631 ipsis
591 576 790 616 Verrinis
807 574 904 614 Lib.
936 574 971 624 Ι,
1004 575 1072 623 15,
1102 576 1178 614 39:
1209 573 1288 613 hoc
1320 576 1544 623 occultum,
1576 578 1826 614 intestinum

379 668 431 694 ac
459 654 732 693 domesticum
752 652 907 690 malum
935 658 977 690 et
1002 649 1082 698 IV,
1113 651 1182 699 45,
1212 651 1288 689 99:
1317 651 1436 690 illius
1455 649 1570 698 falci
1600 655 1825 700 antistitae,

378 733 560 771 maiores
577 734 699 778 natu,
721 726 919 781 probaloe
946 741 999 766 ac
1027 725 1191 766 nobiles
1207 727 1419 766 mulceres.
1478 727 1564 767 Sed
1595 729 1639 767 in
1671 727 1823 768 horum

378 813 530 845 neutro
557 805 639 844 trIa
672 812 772 844 suut
798 802 1014 850 membra3
1055 805 1098 842 in
1128 803 1272 854 priore
1307 804 1403 842 voci
1434 804 1643 843 occultum
1674 804 1824 843 adiun-

378 883 494 937 gitur
524 880 661 921 altera
692 883 838 930 notio,
881 881 995 920 sedis
1033 888 1075 919 et
1111 878 1199 919 loci
1242 879 1355 928 odii,
1401 878 1569 918 duobus
1602 878 1827 919 vocabulis

378 957 690 1011 comprehensa
724 958 992 1007 (intestinum
1023 970 1076 995 ac
1107 956 1430 1008 domesticumJ3
1464 957 1508 994 in
1531 954 1668 995 altero
1691 956 1828 995 mani-

381 1034 537 1078 festum
581 1041 670 1083 est,
722 1034 828 1073 duos
869 1034 991 1086 quasi
1038 1032 1198 1084 gradus
1241 1045 1360 1079 esse;
1400 1033 1584 1086 primum
1622 1031 1827 1072 mulieres

380 1115 501 1150 erant
529 1112 712 1149 maiores
742 1114 863 1158 nata,
897 1108 1050 1147 deinde
1084 1122 1136 1146 ne
1159 1107 1224 1147 hae
1255 1108 1425 1162 quidem
1447 1109 1539 1148 sine
1566 1109 1826 1156 discrimine,

381 1186 455 1226 sed
485 1184 680 1238 probuloe
709 1200 762 1225 ac
794 1185 958 1224 nobiles
993 1183 1172 1233 (aeltere
1205 1184 1375 1224 Frauen
1420 1198 1503 1224 von
1536 1193 1681 1238 gutem
1714 1183 1826 1224 Rufe

378 1263 466 1302 und
499 1261 802 1301 ansehnlicher
833 1260 1049 1312 Familie).
1122 1259 1384 1299 Huiusmodi
1424 1259 1617 1300 locorum
1663 1259 1716 1299 ab
1748 1258 1828 1301 illo

379 1352 540 1393 genere
584 1336 825 1377 alienorum
867 1351 916 1377 ac
962 1337 1106 1391 specie
1139 1344 1305 1376 tantum
1337 1335 1542 1376 similium
1575 1332 1827 1390 exemplum

376 1416 501 1470 posui
537 1416 580 1454 in
615 1414 796 1467 append.
839 1414 947 1468 disp.
988 1413 1040 1452 de
1073 1412 1234 1452 Ascon.
1276 1428 1317 1467 p.
1355 1415 1383 1452 8
1413 1412 1607 1452 Divinat.
1638 1414 1682 1451 in
1716 1411 1828 1452 Caec.

378 1493 458 1542 22,
492 1493 575 1541 72,
607 1491 681 1531 ubi
713 1492 789 1530 uni
819 1491 985 1530 notioni
1012 1489 1225 1529 rhetorice
1259 1488 1396 1529 tribus
1428 1488 1572 1528 verbis
1603 1489 1696 1528 sine
1728 1502 1828 1528 con·

378 1570 598 1608 iunctione
647 1579 868 1620 expressae
912 1566 1391 1615 (conservarffisueri,
1441 1564 1715 1617 confirmare)
1761 1579 1829 1604 re-

379 1645 561 1699 spondet
595 1642 732 1683 altera
765 1655 849 1682 uno
884 1640 1194 1694 comprehensa
1232 1642 1305 1690 (ac
1343 1644 1636 1693 recuperare).
1699 1640 1826 1681 Addo

378 1721 430 1761 de
461 1720 582 1761 Orat.
612 1718 679 1768 II,
721 1721 798 1768 38,
833 1706 936 1766 159,
968 1716 1043 1757 ubi
1073 1720 1117 1757 in
1152 1717 1218 1757 his
1250 1716 1419 1756 verbis:
1450 1717 1595 1765 exile,
1639 1716 1823 1765 aridum,

380 1802 593 1838 concisum
636 1811 689 1836 ac
721 1784 951 1842 minutum,
992 1791 1207 1847 particula
1247 1794 1353 1833 duas
1394 1801 1561 1832 tantum
1602 1801 1824 1833 extremas

378 1889 507 1915 voces
551 1888 680 1914 unam
723 1857 966 1912 notionem¹
992 1885 1017 1910 a
1059 1868 1275 1924 prioribus
1316 1869 1530 1910 diversam
1573 1867 1826 1923 complexas

379 1953 535 2005 iungit.
605 1949 769 1991 Similis
805 1957 890 1997 est,
929 1962 1055 2002 quem
1085 1946 1283 1986 Handius
1313 1948 1440 1995 citat,
1470 1945 1592 1986 locus
1621 1947 1666 1986 in
1695 1946 1826 1987 Para-

379 2030 483 2070 dox.
509 2031 560 2077 6,
604 2029 647 2077 2,
678 2028 755 2066 49:
788 2030 939 2079 signa,
986 2024 1183 2073 tabulas,
1233 2024 1542 2077 supellectilem
1585 2028 1629 2062 et
1670 2028 1826 2063 vestem

380 2105 552 2155 infinite
582 2106 926 2157 concupiscent&
963 2102 1191 2142 coniunxit
1225 2109 1427 2154 tanquam
1460 2114 1485 2139 a
1514 2099 1827 2154 superioribus,

382 2195 476 2236 quae
507 2183 610 2221 artis
643 2188 786 2228 erant,
835 2180 1007 2219 diversa
1041 2186 1083 2218 et
1118 2179 1246 2218 unius
1279 2178 1478 2231 generis,
1523 2190 1615 2231 quae
1644 2176 1695 2216 ad
1728 2177 1827 2216 vitae

380 2259 624 2298 domestieae
658 2269 781 2296 usum
815 2264 857 2295 et
884 2254 1147 2310 elegantiam
1178 2253 1443 2307 spectabant.
1508 2252 1720 2301 Omnino,
1753 2250 1828 2291 ubi

383 2341 584 2388 quattuor
615 2340 713 2371 sunt
752 2330 971 2380 membra,
1019 2345 1133 2383 saepe
1175 2330 1348 2383 singula
1381 2330 1503 2381 paria
1541 2343 1617 2381 per
1650 2341 1696 2366 se
1727 2340 1827 2366 con-

381 2411 514 2450 traria
546 2408 809 2455 efferuntur,
857 2405 978 2445 velut
1009 2406 1119 2458 apud
1156 2404 1355 2444 Tacitum
1388 2405 1500 2443 Ann.
1533 2401 1575 2451 I,
1605 2403 1681 2443 25:
1714 2406 1826 2443 invi-

383 2486 522 2535 diam,
566 2482 927 2530 misericordiam,
972 2486 1121 2520 melam
1154 2486 1196 2519 et
1228 2483 1330 2519 iras.
1390 2481 1504 2520 Satis
1536 2480 1694 2531 igitur,
1737 2481 1827 2534 opi-

384 2576 488 2611 nor,
533 2567 726 2608 constat,
767 2566 813 2597 ut
843 2559 928 2596 iam
963 2557 1014 2597 ad
1047 2557 1330 2597 Verrium-um
1364 2556 1551 2595 codicem
1586 2555 1826 2606 redeamus,

382 2651 468 2678 non
510 2636 734 2690 scripsisse
781 2632 1033 2673 Ciceronem
1080 2634 1123 2671 in
1172 2646 1223 2671 eo
1266 2631 1386 2682 loco,
1440 2647 1464 2672 a
1511 2646 1593 2686 quo
1643 2632 1827 2686 digressi

383 2727 546 2763 sumus,
576 2715 778 2760 vastavit,
814 2713 994 2750 vacari!
1025 2715 1153 2761 alque
1179 2708 1386 2762 perdidit.
1444 2708 1509 2748 Ac
1527 2708 1676 2749 videor
1695 2709 1824 2748 etiam

384 2803 578 2830 caussam
622 2785 967 2841 interpolationis
1006 2785 1364 2839 dep1·eliendissc;
1413 2800 1511 2827 nam
1552 2785 1698 2825 nescio
1742 2797 1824 2838 quo
