1981 3390
1466 257 1565 304 295

185 382 288 433 quia
307 387 458 433 postea
481 392 505 419 e
526 388 705 418 numero
727 375 925 415 sublatae
949 382 1065 424 sunt,
1095 374 1336 414 inindicem
1362 387 1446 415 non
1474 378 1630 427 refero,

182 455 399 506 Caeninan,
413 455 692 502 Antemnam,
715 450 1070 501 Crustumerium,
1088 449 1359 501 Medulliam,
1381 450 1626 493 Cameriam

178 532 352 588 (postea
381 530 594 579 deletam,
623 528 756 570 Dion.
786 527 844 578 V,
875 528 975 584 49),
1019 529 1232 578 Fidenas,
1277 526 1532 578 Collatiam,
1574 530 1625 570 dc

176 609 331 664 quibus
363 606 565 661 Dionysii
596 615 639 647 et
670 605 789 647 Livii
818 607 1068 647 testimonia
1095 619 1226 661 supra
1257 605 1489 660 adscrips13
1522 604 1628 645 solue

175 685 350 726 Fidenae
377 692 529 739 postea
560 684 891 738 superfuerunt,
924 696 1016 738 quae
1051 697 1091 724 a.
1116 684 1200 722 438
1232 683 1284 722 ad
1317 682 1526 722 Veientes
1554 682 1626 722 de-

175 761 333 802 fecisse
377 770 606 801 narrantur
646 760 762 810 (Liv.
795 760 875 810 lv,
914 763 1007 811 17),
1046 775 1086 801 a.
1128 768 1272 800 autem
1315 759 1400 800 435
1442 766 1626 812 receptae

173 837 282 885 (ibd.
313 840 384 888 22)
428 846 471 878 et
504 851 543 877 a.
582 838 666 877 428
701 837 825 878 novis
857 836 1023 877 colonis
1055 836 1235 877 firmatas
1268 850 1363 876 esse
1390 835 1496 889 (ibd.
1526 832 1625 889 30);

175 930 214 956 a.
245 916 330 956 426
362 913 626 954 rebellantes
659 923 794 968 oaptae
834 922 877 953 et
915 927 1038 967 paene
1079 912 1233 953 deletae
1274 920 1375 952 sunt
1404 926 1483 950 nec
1512 911 1626 951 ultra

174 1005 331 1033 nomen
362 994 406 1032 in
438 990 620 1031 historia
652 989 813 1030 habent
847 987 959 1040 (ibd.
983 991 1065 1040 31,
1093 990 1165 1039 34)
1187 988 1244 1040 ¹).
1308 987 1526 1041 Deinceps
1558 1000 1624 1026 re-

171 1069 301 1123 liquae
337 1067 420 1108 hoc
455 1066 606 1107 ordine
640 1068 884 1107 constitutae
915 1074 1016 1108 sunt
1049 1072 1125 1106 aut
1152 1065 1338 1120 primum
1368 1078 1626 1105 commemo-

170 1154 342 1187 rantur:

292 1223 332 1263 1.

252 1375 367 1415 23..

251 1756 344 1797 4.5.

404 1220 562 1262 Ostia
589 1221 633 1260 in
650 1218 777 1260 Latio
799 1218 852 1260 ab
877 1217 1001 1259 Anco
1018 1217 1197 1270 Martio,
1214 1217 1430 1259 maritima
1446 1218 1622 1258 civium.

404 1296 513 1352 (vid.
544 1310 675 1351 supra
706 1310 749 1350 p.
781 1297 867 1336 226
895 1304 937 1335 et
961 1295 1079 1346 264.)

404 1370 612 1426 Signia
647 1381 689 1413 et
725 1373 942 1412 Circeii
971 1373 1016 1412 in
1044 1371 1173 1412 Latio
1202 1370 1390 1412 Volscos
1420 1382 1572 1410 versus
1599 1383 1624 1407 a

403 1448 645 1504 Tarquinio
679 1448 848 1498 Prisco,
890 1457 1041 1504 postea
1075 1449 1286 1489 restitutae
1314 1450 1375 1501 <p-
1407 1447 1492 1486 258
1523 1444 1623 1486 coll.

402 1525 535 1566 Dion.
571 1524 663 1576 Vl,
701 1527 756 1565 43
785 1527 914 1576 inin),
948 1525 1141 1575 Latinae,
1175 1526 1329 1579 Signia
1362 1525 1474 1563 inter
1507 1530 1624 1563 octo-

402 1602 567 1652 decim,
601 1600 761 1642 Circeii
791 1603 905 1641 inter
936 1601 1162 1643 duodecim
1191 1603 1237 1643 in
1267 1600 1385 1643 bello
1418 1602 1526 1642 P-un.
1557 1614 1623 1640 se-

401 1679 542 1719 cundo
576 1681 636 1732 (p.
667 1679 752 1719 267
780 1680 908 1733 sqq.)-

401 1755 568 1806 (Cora
611 1763 654 1796 et
692 1755 969 1805 Pometia,
1008 1756 1053 1795 in
1079 1753 1207 1796 Latio
1236 1755 1427 1796 Volscos
1457 1767 1623 1803 versus,

400 1832 680 1890 Latinorum,
712 1845 798 1871 non
830 1831 1150 1880 Romanorulm
1170 1847 1224 1886 p.
1257 1834 1377 1884 259).

410 1909 660 1950 Velz‘troe.
721 1908 827 1949 Haec
863 1922 900 1950 c.
944 1910 1027 1948 494
1071 1908 1255 1948 deducta
1297 1917 1362 1948 est
1394 1909 1439 1947 in
1470 1921 1621 1961 agrum

401 1985 663 2027 Volscorum
694 1983 901 2035 (Lim-11,
937 1986 991 2024 31
1023 1984 1096 2034 (ab
1134 1984 1273 2037 urbe),
1307 1984 1489 2038 Dionys.
1518 1982 1622 2032 vll,

401 2063 478 2115 13)
511 2070 554 2102 et
584 2076 624 2102 a.
654 2062 738 2102 492
769 2070 895 2101 aucta
927 2060 1031 2109 (ibd.
1062 2061 1128 2110 II,
1159 2063 1257 2113 34),
1290 2062 1526 2109 incertum,
1563 2061 1622 2100 ci·

402 2139 523 2178 vium
565 2152 619 2178 an
661 2137 842 2188 Latina,
886 2139 968 2178 etsi
1009 2139 1127 2178 cives
1166 2137 1320 2178 Livius
1354 2137 1544 2193 appellat
1577 2139 1620 2178 in

399 2215 654 2257 defectionis
697 2217 944 2256 narratione
979 2230 1017 2255 a.
1047 2216 1130 2255 382
1161 2214 1267 2265 (VI,
1299 2216 1400 2264 21),
1435 2215 1510 2255 sed
1544 2228 1619 2268 po-

398 2294 484 2333 tius
516 2291 687 2332 Latina.
751 2291 990 2346 Dionysius
1023 2292 1192 2347 quidem
1227 2293 1387 2332 civium
1417 2292 1545 2342 facit,
1578 2301 1619 2332 et

398 2371 485 2410 iam
518 2377 617 2409 ante
649 2367 827 2409 colonos
859 2367 1063 2408 habuisse
1094 2367 1266 2419 scribit,
1310 2369 1387 2409 sed
1419 2369 1534 2410 idem
1566 2370 1618 2409 de

395 2444 546 2487 Norba
587 2444 798 2496 affirmat,
847 2460 974 2503 quam
1003 2444 1205 2488 Latinam
1247 2446 1384 2487 fuisse
1419 2450 1618 2498 constat).

185 2602 226 2644 ⁴)
252 2602 308 2635 Dc
334 2600 573 2637 Fidenatibus
599 2604 729 2648 paullo
755 2606 838 2647 post
875 2614 982 2648 reges
1010 2606 1157 2637 exactos
1183 2603 1444 2636 deficientibus
1469 2606 1503 2636 el
1529 2603 1615 2635 sub-

255 2661 369 2701 actis,
409 2662 482 2696 vid.
505 2664 613 2698 Dion.
640 2664 683 2704 V,
708 2663 754 2697 40
780 2667 817 2696 et
841 2662 907 2704 43,
934 2664 1068 2697 deinde
1099 2665 1140 2705 V,
1167 2664 1213 2698 52
1239 2668 1274 2698 et
1299 2664 1345 2698 60
1370 2663 1453 2705 (ubi
1481 2663 1614 2706 ampli-

257 2726 368 2756 antur
386 2723 602 2757 colonorum
619 2723 716 2769 agri,
741 2724 930 2758 veteribus
952 2724 1082 2759 incolis
1105 2730 1210 2769 parte
1225 2735 1378 2759 suorum
1406 2723 1611 2766 adempta).

254 2781 335 2816 Liv.
365 2783 424 2824 11,
456 2782 503 2817 19
528 2780 686 2818 Fidenas
714 2785 881 2819 obsessas
905 2784 1058 2827 scribit3
1087 2785 1268 2821 defecisse
1295 2789 1403 2820 antea
1430 2795 1500 2819 non
1528 2793 1615 2816 nar-

256 2842 373 2883 ravit.
406 2854 474 2879 nec
499 2848 629 2888 postea
652 2845 838 2880 subactas.
