1981 3390
1457 267 1554 315 213

175 386 302 430 multi
330 401 442 430 nunc
474 387 747 442 frequentant
780 395 820 426 et
850 397 1007 426 novum
1039 397 1177 440 genus
1207 388 1428 426 hominum
1455 387 1618 428 consm-

174 474 308 522 gunt,
333 474 551 519 postremo
579 472 754 518 propter
783 462 1088 504 confidentiam
1118 464 1333 518 quandam
1363 477 1416 503 eo
1447 477 1619 504 asseve—

173 544 339 584 rantius
371 542 462 583 fere
493 540 615 596 loqui
647 540 802 582 solitus
834 543 911 592 sit,
954 556 1038 597 quo
1072 543 1213 583 minus
1245 540 1382 582 firmis
1413 543 1622 583 niteretur

174 620 456 676 argumentis.
519 618 664 674 Atque
700 618 814 669 haec,
848 633 941 674 quae
973 621 1128 674 partim
1162 620 1247 660 iam
1276 618 1350 659 alii
1385 618 1620 673 reprehen-

172 697 350 746 derunt,
394 698 547 751 partim
581 695 740 737 multos
786 698 975 737 sensisse
1020 697 1175 746 credo,
1223 699 1369 737 nescio
1408 711 1463 737 an
1507 696 1622 751 apud

171 773 404 816 nonnullos
434 775 564 815 etiam
607 788 732 814 veros
772 773 948 814 illarum
989 775 1329 830 disputationum
1370 774 1535 815 fructus
1578 776 1621 813 iu

170 852 462 907 suspicionem
494 852 777 900 adduxerint,
812 866 942 906 quum
968 854 1207 905 praesertim
1238 854 1461 893 accederet
1489 865 1620 905 quum

170 931 346 986 propria
375 929 569 983 quaedam
601 927 832 968 Niebuhrii
864 927 1080 968 scribendi
1105 930 1232 979 ratio,
1265 943 1350 969 non
1384 942 1488 967 sane
1520 942 1619 982 gra-

170 1007 303 1048 datim
343 1021 369 1046 a
404 1005 574 1060 vulgari
607 1005 722 1044 fama
766 1003 952 1045 lectores
990 1007 1108 1046 omni
1141 1007 1322 1046 materia
1349 1005 1619 1046 testimonio-

167 1097 263 1125 rum
281 1084 485 1138 exposita
511 1082 563 1123 ad
589 1095 746 1123 novam
776 1084 1036 1124 sententiam
1065 1083 1345 1134 traducentis,
1375 1090 1466 1123 tum
1493 1081 1620 1132 illud,

168 1161 281 1217 quod
312 1162 426 1202 intra
465 1174 517 1201 ea
557 1169 752 1215 tempora
782 1159 1002 1211 substitit,
1050 1163 1094 1201 in
1128 1160 1283 1216 quibus
1310 1160 1436 1215 plura
1466 1161 1510 1200 in
1541 1159 1617 1199 du-

167 1238 422 1280 bitationem
453 1238 673 1287 vocanda,
707 1252 845 1293 pauca
875 1238 1130 1293 simpliciter
1162 1231 1378 1280 narranda
1412 1245 1486 1278 aut
1518 1250 1617 1277 con·

169 1315 381 1357 firmanda
413 1324 548 1356 erant.
626 1314 834 1356 Restabat
864 1317 997 1370 igitur
1029 1318 1074 1356 in
1105 1317 1376 1371 antiquitatis
1408 1315 1614 1355 Romanae

169 1393 421 1449 disciplina,
461 1401 508 1432 ut
541 1406 670 1447 quum
703 1392 755 1432 de
786 1391 875 1432 illis
907 1394 1014 1447 ipsis
1048 1394 1257 1433 institutis
1288 1402 1417 1448 atque
1451 1400 1616 1446 tempo-

165 1469 314 1520 ribus,
364 1483 457 1524 quae
492 1468 758 1515 Niebuhrius
798 1472 1167 1525 pervestigasset‚
1211 1478 1502 1526 quaereretur,
1542 1467 1618 1508 ubi

166 1561 276 1603 opus
310 1546 556 1595 videretur,
594 1545 724 1600 paulo
758 1549 955 1598 cautius,
984 1549 1098 1603 quod
1128 1547 1490 1591 Wachsnmthius
1519 1554 1619 1600 post

163 1626 347 1681 primam
394 1621 627 1663 Niebnhrii
680 1622 872 1664 historiae
911 1624 1117 1666 Romanae
1162 1626 1395 1667 editionem
1438 1631 1617 1664 conatus

164 1711 253 1753 est,
283 1710 375 1742 tum
406 1701 641 1756 disputatio
685 1701 738 1742 ad
769 1701 989 1744 inferioris
1021 1705 1160 1744 {etatis
1193 1711 1236 1743 et
1269 1717 1418 1744 eorum
1450 1709 1615 1755 tempo-

162 1794 274 1831 rum,
301 1793 483 1835 quorum
511 1787 579 1820 est
611 1780 809 1820 testatior
842 1782 1066 1831 memoria,
1097 1782 1295 1822 instituta
1318 1771 1616 1828 deduceretur,

160 1859 206 1898 in
237 1856 393 1913 quibus
425 1856 602 1898 illarum
636 1859 766 1899 etiam
800 1857 853 1898 de
886 1860 1188 1914 antiquissima
1215 1854 1342 1899 &etate
1361 1858 1616 1912 opinionum

161 1935 360 1976 veritatis
391 1935 741 1989 experimentum
779 1936 995 1976 interdum
1034 1938 1128 1991 capi
1165 1949 1291 1990 posse
1334 1935 1531 1983 videtur,
1571 1940 1614 1972 et

163 2011 216 2052 ad
233 2010 379 2066 plures
398 2018 541 2064 partes
560 2012 882 2052 transferretur.
940 2012 1032 2053 Nec
1049 2013 1278 2052 defuerunt
1295 2011 1440 2066 plane,
1471 2011 1542 2064 qui
1569 2010 1613 2050 id

163 2087 331 2129 vellent
353 2086 428 2127 alii
453 2085 540 2126 alia
561 2100 621 2126 ex
652 2096 775 2142 parte
805 2087 998 2137 efficere3
1031 2103 1056 2129 a
1085 2088 1240 2143 quibus
1266 2087 1466 2130 omnibus
1485 2086 1614 2128 valde

160 2164 346 2206 feliciter
379 2162 649 2204 elaboratum
683 2178 769 2205 nou
796 2165 999 2206 dixerim.
1058 2166 1152 2207 Alii
1181 2168 1296 2207 enim
1320 2164 1460 2206 solam
1480 2163 1611 2207 liber-

160 2250 294 2283 tatem
324 2242 530 2296 opinandi
563 2255 621 2282 ex
640 2240 870 2283 Niebuhrii
900 2243 1211 2298 quaestionibus
1233 2244 1431 2298 amplexi
1463 2243 1611 2284 viden⁴

160 2327 255 2369 tur,
282 2327 476 2369 auctam,
508 2328 553 2358 ut
586 2318 660 2370 fit,
701 2327 744 2359 et
773 2321 816 2359 in
844 2333 919 2360 eos
951 2319 1134 2361 subinde
1168 2335 1343 2374 campos
1376 2333 1613 2361 excurren-

159 2405 262 2447 tem,
295 2395 370 2437 nbi
401 2395 534 2437 nullis
572 2397 809 2451 antiquitus
842 2397 1008 2438 traditae
1040 2399 1258 2443 memoriae
1287 2397 1444 2439 vinclis
1474 2399 1611 2451 impe-

158 2474 322 2516 ditetur
342 2475 402 2525 ι);
432 2473 508 2515 alii
543 2488 657 2516 nova
689 2488 715 2515 a
746 2472 988 2518 Niebuhrio
1019 2490 1170 2520 secure
1205 2477 1397 2526 adscita,
1429 2488 1610 2531 quorum

185 2630 222 2674 ¹)
248 2630 356 2664 Talis
382 2629 476 2664 mihi
502 2630 538 2665 in
566 2630 756 2676 plerisque
793 2632 942 2667 videtur
974 2634 1118 2668 Blumii
1154 2634 1272 2674 liber,
1310 2633 1372 2678 qui
1397 2630 1612 2665 inscribitur

248 2689 475 2735 Einleitung
498 2691 535 2725 iu
565 2692 624 2725 die
650 2692 852 2727 Rfimffsche
879 2694 1116 2729 Geschichte.
1188 2695 1286 2738 (cfr.
1322 2692 1483 2736 Zumptii
1514 2704 1609 2724 cens.

247 2749 381 2784 Jahrb.
409 2750 435 2783 s.
462 2750 674 2786 wissensch.
702 2753 792 2787 crit.
820 2753 924 2788 1829.
951 2756 994 2789 N.
1021 2755 1076 2789 12.
1104 2754 1181 2798 13.)
1231 2755 1301 2787 Sed
1330 2755 1442 2795 longe
1474 2752 1611 2785 sutilia-

246 2810 350 2844 simifl
378 2811 597 2846 commentis
632 2816 669 2847 ct
709 2815 838 2849 multis
863 2815 1083 2861 ignorantiae
1118 2827 1244 2849 rerum
1284 2813 1522 2856 antiquarum
1550 2824 1610 2845 es-

252 2870 383 2915 empli-
407 2872 569 2909 refertus
599 2877 651 2910 est
679 2873 775 2910 liber
801 2875 1069 2912 Eisemlechcri
1096 2877 1240 2922 (Ucbcr
1276 2875 1334 2910 dic
1362 2873 1608 2918 Eutstciiuug.
