1981 3390
418 224 485 272 70

351 357 446 385 cum
480 345 645 385 eaeteris
676 346 841 385 miserit
873 346 998 400 eique
1028 347 1296 401 inscripserit
1316 344 1372 402 ¹).
1439 346 1555 402 Ergo
1592 347 1700 389 hane
1733 356 1797 390 to-

352 430 438 462 tam
472 420 726 463 Maecenatis
757 421 1122 476 significationem
1154 423 1402 465 scholiastis
1433 425 1677 476 reddamus,
1711 427 1799 480 qui,

352 498 426 539 ubi
469 500 551 550 iis,
589 513 683 554 quae
724 515 750 540 a
781 498 1076 554 superioribus
1119 510 1397 556 acceperant,
1441 503 1524 558 ipsi
1564 501 1702 544 libere
1736 504 1800 544 uti

355 575 585 627 volebant,
635 577 726 618 fere
766 576 974 629 ruebant3
1023 592 1082 619 ex
1130 577 1285 634 quibus
1326 579 1467 631 Acro,
1514 595 1644 636 quum
1691 580 1800 622 Μεθ-

355 668 482 695 cenas
515 655 601 694 iam
633 662 746 696 esset
776 655 1085 710 deprehensus,
1118 657 1163 697 in
1195 656 1330 698 altero
1364 659 1574 699 orationis
1606 658 1799 700 membro

355 733 442 782 (est
472 735 549 786 qni
581 732 753 787 Inguen
798 733 857 773 acl
896 733 1149 774 obscaenum
1183 733 1404 774 subductis
1436 748 1569 790 usqne
1594 735 1798 790 facetus)

354 808 595 865 Agrippam
656 809 950 866 significatum
1006 811 1153 851 videre
1206 812 1326 851 visus
1378 819 1457 852 est.
1557 812 1803 868 Iisdemque

355 900 477 929 suam
513 887 807 944 relinquemus
849 890 1110 929 sententiam
1148 890 1193 929 in
1234 890 1371 929 tertiae
1399 891 1541 930 satirae
1574 888 1696 941 loco,
1730 891 1804 946 qui

356 974 422 1005 est
453 966 554 1006 inde
597 980 622 1007 a
655 980 697 1006 v.
736 967 792 1006 29
821 966 872 1007 ad
900 968 980 1017 34,
1024 964 1100 1006 ubi
1135 966 1372 1022 Virgilium
1404 966 1697 1023 significatum
1723 982 1803 1022 pu-

355 1050 448 1083 tant
462 1045 532 1094 2),
578 1057 633 1084 ne
664 1042 921 1085 Heindorfio
962 1044 1133 1098 quidem
1160 1043 1459 1098 improbante,
1504 1058 1583 1085 nec
1613 1044 1704 1085 ullo
1737 1046 1804 1086 in-
1847 1064 1850 1065 ⁷

354 1119 467 1161 dicio
496 1128 669 1162 utentes
694 1129 737 1162 et
768 1129 917 1162 contra
943 1120 1030 1162 loci
1063 1123 1195 1163 totius
1227 1125 1502 1164 sententiam.
1560 1121 1672 1163 Nam
1706 1124 1801 1163 uni-

355 1211 482 1238 verse
515 1206 558 1239 et
589 1201 830 1254 generatim
860 1199 988 1254 plura
1014 1208 1346 1250 enumerantur,
1378 1215 1472 1255 quae
1506 1200 1727 1241 offendere
1756 1202 1803 1241 in

357 1272 504 1328 aliquo
537 1277 729 1328 possint,
761 1284 868 1326 tum,
902 1275 1058 1331 quibus
1095 1276 1343 1316 huiusmodi
1376 1278 1647 1318 incommoda
1679 1276 1806 1320 bonis

384 1378 422 1421 ¹)
450 1377 593 1411 satiras
618 1378 793 1420 Horatii,
826 1382 982 1424 excepta
1015 1377 1159 1423 prima,
1196 1379 1327 1413 eodem
1362 1378 1492 1413 ordine
1525 1379 1681 1425 scriptas
1715 1392 1807 1423 esse,

447 1449 519 1483 quo
540 1450 638 1473 nunc
663 1440 852 1485 legantur,
878 1440 1000 1473 multa
1023 1444 1108 1474 sunt
1132 1440 1291 1482 indicio3
1323 1441 1389 1474 sed
1416 1440 1446 1474 si
1472 1440 1552 1485 quis
1582 1452 1624 1474 ex
1648 1442 1806 1487 singulis

448 1510 581 1533 eruere
593 1500 770 1544 temporis
783 1498 921 1533 indicia
934 1499 1110 1538 voluerit,
1138 1501 1249 1534 valde
1279 1505 1409 1535 cautus
1437 1511 1515 1534 esse
1545 1501 1675 1543 debet3
1707 1503 1806 1537 Wei-

448 1560 578 1594 cherto
609 1560 766 1601 accidit,
809 1564 851 1594 ut
877 1560 932 1605 (p.
959 1559 1046 1602 454)
1069 1560 1222 1594 satiram
1247 1560 1397 1594 tertiam
1424 1561 1588 1595 effecisse
1615 1563 1806 1605 scriberet,

448 1624 489 1655 ut
502 1621 696 1663 Horatius,
714 1620 874 1666 Virgilio
888 1620 1074 1665 Varioque
1087 1620 1418 1663 intercedentibus,
1439 1622 1475 1655 in
1493 1622 1705 1657 Maecenatis
1719 1636 1808 1658 con-

448 1681 589 1716 victum
627 1685 665 1716 et
696 1680 997 1720 familiaritatem
1034 1682 1320 1716 adscriberetur.
1395 1682 1506 1727 Atqui
1541 1682 1617 1716 iam
1651 1670 1689 1717 in
1725 1684 1807 1729 ipsa

447 1742 565 1776 satira
601 1741 714 1776 tertia
759 1752 926 1776 sumina‘
949 1742 1189 1777 familiaritas
1225 1742 1450 1788 perspicitur
1488 1743 1541 1786 (v,
1578 1743 1625 1777 63
1658 1749 1695 1778 et
1728 1745 1808 1789 61.)

447 1803 488 1837 Ρ.
515 1802 583 1836 453
610 1803 814 1837 Horatium
837 1803 968 1838 scribit
986 1803 1025 1837 in
1048 1804 1166 1838 satira
1183 1808 1328 1849 quarta,
1355 1804 1484 1847 (quam
1502 1815 1574 1837 non
1591 1805 1710 1839 multo
1725 1810 1809 1849 post

445 1864 646 1898 secundam
676 1863 853 1909 scriptam
881 1876 958 1898 esse
975 1868 1092 1909 patet3
1118 1877 1184 1898 cur
1200 1863 1368 1909 proxime
1392 1868 1474 1913 post
1499 1875 1595 1905 eam,
1618 1865 1726 1899 nulla
1749 1866 1807 1900 in-

445 1924 625 1965 teriecta,
659 1924 797 1969 scripta
823 1929 996 1969 putetur,
1024 1937 1174 1969 prorsus
1201 1925 1299 1959 nihil
1326 1926 1412 1969 est,)
1442 1936 1514 1958 non
1545 1926 1667 1970 magis
1694 1937 1806 1971 quam

447 1988 558 2019 antea
591 1984 629 2018 in
663 1986 826 2019 secunda
859 1985 947 2019 viris
983 1986 1082 2030 apud
1106 1986 1354 2020 Octavianum
1376 1985 1550 2030 gratiosis
1575 1987 1809 2031 pepercisse3

449 2057 484 2088 p.
523 2050 649 2079 autem
683 2045 753 2079 427
793 2049 829 2080 et
864 2045 933 2080 428
972 2057 1123 2080 versum
1159 2046 1271 2080 illum
1310 2046 1488 2078 Pastillos
1523 2044 1687 2088 Rufillus
1721 2047 1807 2088 olet,

454 2105 665 2149 Gargettius
699 2107 839 2140 hircum
868 2118 909 2141 ex
935 2107 1098 2140 secunda
1121 2106 1237 2141 satira
1262 2107 1299 2141 in
1326 2110 1458 2152 quarta
1487 2106 1690 2150 repetitum
1716 2119 1807 2150 esse,

450 2169 491 2198 ut
505 2170 614 2209 poeta
629 2179 667 2200 se
685 2171 890 2209 excusaret,
913 2168 1010 2212 quod
1028 2167 1199 2202 homines
1215 2167 1421 2201 Octaviano
1438 2166 1648 2201 familiares
1671 2168 1809 2203 irrisis-

447 2229 524 2266 set3
550 2225 690 2270 itaque,
715 2231 756 2260 ut
782 2228 835 2268 fit,
862 2239 977 2271 quum
1001 2228 1037 2261 in
1057 2228 1216 2271 singulis
1236 2227 1378 2271 aliquid
1397 2226 1606 2271 affingitur,
1632 2227 1704 2261 sibi
1722 2240 1808 2262 con-

448 2285 608 2320 tradicit.
659 2287 733 2320 Sed
763 2288 865 2321 bella
901 2292 954 2322 ent
986 2291 1069 2331 ipsa
1103 2286 1290 2321 excusatio
1327 2290 1443 2330 poetae
1479 2286 1731 2332 indignantis,
1767 2300 1806 2323 se

448 2347 695 2392 reprehendi,
722 2347 1010 2393 irrisionemque
1035 2347 1204 2381 acerbius
1230 2347 1455 2393 repetentis:

1011 2410 1106 2452 quod
1135 2410 1278 2452 ineptus

536 2466 714 2502 Pastillos
740 2468 903 2512 Rufillus
930 2469 1014 2509 olet,
1047 2469 1258 2514 Gargonitts
1282 2468 1434 2503 lifrcum.

447 2527 542 2563 Sunt
577 2529 654 2563 alia
690 2529 956 2564 eiusdemmodi
984 2542 1139 2576 operose
1169 2530 1378 2576 excogitata
1405 2533 1441 2564 et
1469 2530 1700 2576 composita,
1729 2542 1807 2576 quae

450 2591 510 2624 vel
536 2589 670 2624 leviter
695 2595 795 2626 tacta
820 2596 1009 2626 corruunt.
1078 2592 1150 2626 Sed
1177 2592 1254 2626 hoec
1278 2591 1357 2626 sine
1382 2593 1464 2627 ulla
1487 2592 1524 2626 in
1550 2592 1808 2627 lVeichertum

449 2651 678 2686 contumelia
701 2652 802 2688 dicta
828 2657 957 2696 sunto,
988 2665 1061 2698 qua
1086 2654 1255 2699 profecto
1280 2652 1435 2699 indigna
1461 2657 1516 2690 est
1541 2653 1621 2688 eius
1646 2653 1806 2688 eruditio

454 2715 490 2745 et
511 2711 690 2747 sedulitas
716 2713 913 2759 qumi-endi.

386 2776 423 2815 ²)
452 2772 548 2806 ''Hic
579 2773 769 2808 dicitur
802 2775 953 2819 pulsare
985 2774 1199 2819 Virgilium,
1236 2775 1299 2820 qui
1323 2775 1485 2812 indecore·
1509 2781 1542 2811 et
1583 2777 1745 2823 corporis
1772 2782 1806 2813 ct

455 2834 597 2870 habitus
621 2835 732 2878 suil.'‘
782 2837 902 2879 Δεῖος
929 2838 996 2872 cfr.
1026 2838 1143 2873 schol.
1175 2838 1313 2882 Cruqu.
