1981 3390
1468 202 1533 249 95

145 323 200 363 75
228 319 279 363 Β.
309 321 392 378 (Vl
419 337 461 379 p.
492 323 576 363 26⁰
602 322 712 376 δικ),
762 324 805 363 in
836 319 1055 362 codicibus
1088 333 1165 376 pro
1196 322 1370 361 nomine
1401 330 1467 362 est
1499 325 1602 372 alic,-

145 402 188 441 in
229 400 366 441 Gellii
408 409 551 441 autem
599 402 743 456 priore
782 399 879 441 loco
925 399 1113 440 varietas
1155 397 1356 440 lectionis
1399 399 1604 442 adnotata

146 492 231 520 non
265 487 355 530 est,
385 478 591 520 inferiore
623 480 666 519 in
698 478 818 520 codd.
851 487 915 518 est
952 480 1016 522 M.
1041 477 1273 518 Hulrnte'ct‘
1298 486 1340 518 et
1373 477 1442 518 M.
1471 478 1608 519 Accii

149 556 314 598 Teet‘et
345 557 531 598 fortasse
568 555 680 608 alia,
738 565 783 597 ut
822 571 907 597 non
954 554 1257 611 improbabilis
1297 557 1353 596 sit
1385 559 1604 598 sententia

145 635 317 690 Popmae
350 635 537 676 Ale'le‘um
570 634 873 676 substituentis
892 635 944 689 1).
1040 634 1245 675 Eiusdem
1276 636 1431 689 capitis
1475 636 1602 675 initio

144 712 344 764 Gellius,
392 715 465 769 qui
498 713 640 754 Plauti
672 711 843 753 fabulas
878 715 1048 754 curiose
1083 712 1344 763 lectitat-int,
1389 713 1493 753 dicit
1524 727 1603 754 nec

145 791 359 832 indicibus
393 790 503 833 AElii
544 805 622 832 nec
660 791 847 847 Sedigiti
882 805 962 832 nec
994 770 1167 832 Claudii
1201 805 1280 832 nec
1313 789 1486 832 Aurelii
1523 804 1603 832 nec

146 870 281 911 Accii
311 884 390 911 nec
418 868 594 910 Manilii
627 882 757 923 super
788 868 856 908 his
889 867 1078 919 fabulis,
1113 881 1206 923 quae
1232 868 1431 908 dicantur
1465 867 1603 909 ambi-

143 961 266 1003 guae,
289 947 550 994 credituros3
578 959 662 1000 quo
693 944 790 986 loco
818 943 966 985 Attius
996 954 1173 1000 propter
1202 945 1376 986 eosdem
1407 945 1602 987 didasca-

142 1024 258 1066 licon
290 1023 426 1064 libros
456 1024 703 1063 nominatus
735 1023 920 1064 videtur.

259 1101 407 1157 Atque
446 1100 538 1142 hoeo
566 1101 811 1157 fragmenta
845 1109 888 1142 et
921 1102 1107 1157 vestigia
1137 1109 1272 1142 totam
1307 1102 1451 1156 operis
1480 1083 1601 1143 illius

140 1179 326 1222 formam
359 1194 444 1221 non
478 1181 586 1221 satis
618 1179 866 1228 declarant3
924 1194 1102 1232 verum,
1165 1188 1211 1220 ut
1243 1179 1296 1221 ab
1327 1181 1454 1221 initio
1493 1180 1599 1229 dixi,

141 1257 425 1299 memorabile
466 1260 660 1300 maxime
703 1259 747 1299 id
792 1266 882 1309 est,
942 1258 1079 1299 fuisse
1132 1260 1308 1300 omnino
1351 1258 1601 1300 huiusmodi

140 1335 254 1378 Attii
281 1335 432 1378 libros.
525 1337 611 1378 Sed
645 1336 726 1378 hoc
755 1338 898 1392 ipsum
932 1345 1052 1378 ortus
1082 1344 1172 1388 est,
1236 1338 1309 1392 qui
1343 1345 1525 1392 negaret
1558 1344 1603 1378 et

141 1415 288 1455 omnia
319 1414 408 1455 alia
441 1414 642 1465 doceret,
683 1415 932 1456 Fridericus
961 1413 1193 1466 omanus,
1245 1416 1366 1456 cuius
1399 1429 1480 1470 ego
1514 1415 1601 1455 dis-

138 1493 408 1547 putationem
441 1500 541 1533 ante
573 1491 740 1548 aliquot
771 1506 908 1533 annos
927 1484 1178 1548 proditam,
1227 1506 1313 1533 non
1342 1494 1492 1548 paucis
1523 1492 1600 1534 ob-

137 1569 319 1612 livionis
352 1579 396 1612 et
427 1571 806 1612 inconsiderantiae
837 1570 1059 1612 erroribus
1086 1570 1382 1626 implicatam,
1413 1579 1459 1611 ut
1489 1570 1603 1612 solet

140 1648 241 1691 huic
279 1651 374 1691 viro
421 1650 466 1690 in
509 1651 637 1690 novis
681 1650 898 1701 inventis,
962 1665 1145 1705 quorum
1201 1665 1299 1691 cum
1342 1649 1599 1691 credulitate

139 1727 324 1784 quadam
353 1726 484 1783 paulo
516 1736 581 1768 est
609 1729 828 1784 cupidior,
863 1728 1085 1779 accidere,
1128 1742 1212 1769 non
1243 1736 1444 1783 putarem
1474 1742 1600 1769 accu-

137 1814 232 1848 rate
264 1805 576 1857 refellendam,
634 1807 720 1846 nisi
760 1815 803 1848 et
832 1806 1028 1864 Langius
1073 1808 1118 1848 in
1152 1806 1369 1868 vindiciis
1403 1805 1601 1861 Tragoe-

140 1884 220 1925 diae
255 1884 463 1926 Romanae
509 1899 605 1926 eam
644 1884 891 1941 improbare
934 1899 1065 1926 ausus
1107 1899 1194 1926 non
1235 1894 1351 1926 esset
1392 1894 1434 1925 et
1471 1884 1600 1940 plane

140 1960 428 2017 pluribusque
460 1962 608 2003 verbis
634 1962 862 2018 probasset
891 1972 1049 2018 praeter
1077 1961 1299 2013 Bothum,
1326 1964 1398 2017 qui
1431 1964 1475 2002 in
1508 1970 1599 2002 toto

141 2038 223 2079 hoc
267 2053 426 2093 genere
469 2038 627 2080 leviter
660 2040 890 2081 admodum
932 2048 998 2080 est
1028 2048 1226 2079 versatus
1266 2040 1458 2094 (Fragm.
1490 2039 1599 2081 Tra-

141 2117 227 2171 gic.
256 2115 354 2157 Lat.
384 2132 426 2172 p.
457 2116 526 2170 1),
574 2125 616 2158 et
648 2115 872 2159 Baehriunr
898 2117 1033 2169 (Hist.
1067 2116 1172 2158 Litt.
1204 2116 1329 2158 Rom.
1358 2133 1398 2173 p.
1429 2119 1504 2168 45)
1537 2118 1599 2174 [p.

139 2195 196 2235 80
227 2194 294 2235 ed.
319 2194 365 2248 2]
408 2193 635 2250 Augustus
678 2195 959 2238 WVeichertus
994 2197 1057 2251 (in
1091 2203 1320 2237 comment.
1351 2196 1403 2236 de
1446 2196 1598 2237 Laevio

139 2279 255 2327 poet.
286 2285 330 2327 p.
359 2273 416 2313 46
448 2273 514 2313 ed.
546 2272 669 2329 Lips.
701 2273 856 2327 1830),
909 2282 957 2314 ut
986 2275 1072 2315 iam
1102 2273 1235 2315 latius
1269 2288 1445 2330 serpere
1477 2289 1597 2317 error

140 2349 353 2391 videatur.
450 2350 654 2393 Osannus
697 2353 836 2403 enim,
899 2367 1030 2408 quum
1067 2354 1112 2394 in
1152 2352 1380 2395 Analectis
1424 2352 1598 2395 Criticis

139 2429 303 2483 (poesis
321 2427 445 2470 Rom.
470 2431 651 2471 scenicae
671 2429 826 2487 reliqu.
844 2430 1182 2473 illustrantibus.
1240 2430 1434 2474 Beroliu.
1469 2432 1598 2485 1816)

138 2520 182 2560 p.
208 2507 266 2547 39
298 2520 390 2562 sqq.
423 2507 475 2549 de
499 2522 641 2560 anno,
673 2524 757 2564 quo
789 2518 885 2551 acta
919 2519 1035 2552 esset
1062 2512 1201 2566 prima
1232 2511 1345 2566 apud
1375 2511 1595 2552 Romanos

164 2652 202 2696 1)
227 2653 271 2688 In
296 2654 476 2689 Varronis
500 2655 583 2691 loco
599 2657 764 2702 Spengel
790 2657 952 2693 aliorum
978 2657 1233 2694 coniecturam
1263 2659 1316 2695 M.
1335 2658 1439 2692 Accii
1461 2658 1596 2700 (Plau-

235 2714 284 2755 ti)
306 2715 503 2760 probavit3
542 2729 610 2752 nec
633 2724 777 2753 certum
808 2724 885 2762 est,
912 2725 1037 2754 utram
1062 2720 1204 2754 famam
1230 2720 1283 2754 ibi
1309 2722 1429 2754 Varro
1454 2718 1598 2763 signifi-

234 2783 320 2868 παῖ-ο
353 2777 539 2822 voluerit;
591 2780 656 2816 sed
690 2782 811 2819 Varro
847 2781 1047 2826 Plautum,
1099 2793 1172 2818 non
1208 2783 1260 2818 Μ.
1287 2781 1445 2818 Accium
1479 2778 1597 2815 citare

234 2844 274 2868 eo
294 2838 341 2870 et.
