1981 3390
12 3026 20 3390 *mv-

1485 257 1584 305 335

201 377 392 418 omnium
437 374 645 417 bonorum
690 374 882 415 codicum
924 386 1007 428 ego
1049 382 1093 413 et
1128 371 1357 427 Zumptius
1398 378 1648 420 emendavi-

198 467 308 504 mus,
340 455 469 494 etiam
500 452 599 493 aliis
626 451 679 492 de
709 453 850 492 causis
877 450 1192 491 emendationis
1217 459 1420 506 egentes;
1451 463 1649 508 quartum

199 544 330 586 quum
375 529 626 571 mendosum
668 541 766 568 esse
812 527 912 569 aliis
958 528 1156 583 vestigiis
1190 527 1474 571 ostendissem
1507 532 1650 572 conie-

197 616 400 661 cturaque
431 606 756 656 emendassem,
790 607 891 660 quia
933 607 975 645 in
1008 614 1206 646 extrema
1236 615 1356 658 parte
1388 606 1489 648 libri
1521 609 1650 663 primi

194 682 302 724 nulli
332 692 454 723 erant
482 682 583 724 boni
614 684 796 732 codices»,
828 682 1056 737 Zumptius
1079 691 1221 723 autem
1250 683 1482 725 violentius
1516 684 1647 740 paulo

193 769 418 810 tentasset,
452 775 565 802 nunc
589 776 727 802 meam
753 761 1099 801 emendationem
1119 761 1210 801 cod.
1236 761 1378 801 vatic.
1407 763 1465 802 ita
1493 761 1649 803 confir-

193 839 355 888 mavit,
400 847 445 878 ut
475 852 534 879 ex
578 852 656 888 eo,
702 839 815 893 quod
857 837 989 878 scribi
1034 837 1258 879 volueram
1294 851 1452 878 stemma
1482 838 1648 892 pudore

194 921 239 955 et
264 929 420 956 stanneo
445 914 609 965 Qfficio,
641 924 806 956 tantum
834 913 1377 970 particulam·detraheret.
1436 914 1649 962 Quintum

194 990 335 1033 locum
371 1006 430 1033 ex
464 991 561 1033 Act.
592 991 643 1041 1,
686 994 764 1041 18,
806 992 885 1040 55,
929 988 1005 1029 ubi
1048 998 1114 1030 est
1144 990 1484 1044 interrogando,
1519 1004 1649 1046 argu-

191 1073 346 1109 mentis
396 1075 526 1122 atque
574 1071 797 1117 oratione,
849 1069 894 1107 in
942 1067 1128 1121 append.
1180 1067 1338 1121 disput.
1385 1067 1437 1108 de
1491 1068 1648 1108 Ascon-

190 1145 305 1200 p.35
332 1145 459 1200 posui
485 1153 528 1185 et
544 1145 785 1200 perspicuis
815 1143 1072 1193 rationibus,
1101 1157 1229 1198 quam
1259 1152 1374 1184 esset
1400 1145 1648 1195 mendosus,

193 1222 307 1277 quod
338 1223 469 1263 etiam
502 1222 776 1262 Hotomanus
807 1229 1003 1262 senserat
1036 1229 1079 1261 et
1111 1219 1402 1272 Garatonius,
1435 1236 1649 1277 quamque

197 1300 442 1339 necessario
478 1297 533 1338 ob
573 1300 834 1338 sententiam
875 1297 1118 1338 tollendum
1163 1296 1421 1338 vocabulum
1461 1303 1648 1339 interro·

191 1374 363 1429 gando,
413 1374 607 1425 ostendi,
650 1389 832 1430 eamque
863 1375 1200 1429 disputationem
1236 1388 1321 1415 non
1354 1388 1530 1429 possum
1563 1389 1650 1415 non

196 1453 387 1494 iudicare
437 1451 568 1506 plane
619 1450 867 1493 confirmari
914 1450 1107 1506 Zumptii
1158 1460 1307 1492 contra
1353 1451 1649 1493 Hotomanum

198 1528 422 1584 vulgatam
452 1529 709 1583 scripturam
738 1530 898 1569 tuentis
935 1529 1227 1583 argumentis;
1259 1543 1357 1569 nam
1384 1530 1445 1569 ita
1463 1529 1652 1579 disserit,

195 1615 266 1656 ut,
306 1607 345 1646 si
378 1619 483 1646 vera
517 1619 570 1645 ea
600 1613 739 1655 esset,
782 1603 935 1646 Cicero
979 1607 1023 1645 in
1059 1605 1201 1647 media
1243 1606 1471 1646 criminum
1501 1606 1652 1660 singu-

194 1682 336 1723 lorum
372 1682 681 1736 explicatione,
716 1696 809 1737 quae
839 1684 1107 1738 argumentis
1135 1684 1416 1738 orationeque
1441 1688 1654 1737 perpetua

198 1757 337 1808 fieret,
366 1760 660 1814 interrogasse
681 1767 813 1799 testes
838 1767 1063 1812 putaretur
1089 1768 1133 1801 et
1151 1760 1194 1800 id
1217 1760 1388 1809 fecisse,
1423 1766 1652 1814 antequam

197 1842 327 1876 testes
365 1835 426 1876 ad
463 1839 624 1876 crimen
656 1837 1011 1876 accommodaret.
1066 1837 1206 1880 ,Satis
1238 1845 1386 1891 aperte
1419 1835 1572 1877 Cicero
1604 1838 1648 1876 in

197 1914 304 1954 duas
348 1921 493 1968 partes
536 1914 750 1953 actionem
790 1912 1036 1964 distribuit,
1089 1913 1271 1954 alteram
1305 1914 1575 1968 argumentis
1607 1920 1650 1953 et

198 1990 394 2030 oratione
425 1989 807 2044 comprehensam,
839 1991 1053 2044 priorem,
1086 1989 1267 2030 alteram
1298 1989 1650 2043 subsequentem,

201 2067 375 2106 testium
407 2067 792 2121 interrogationem
816 2064 871 2121 ¹).
936 2065 986 2107 In
1017 2066 1242 2106 duodecim
1267 2064 1357 2106 illis
1381 2066 1650 2107 orationibus

199 2153 287 2184 tres
320 2152 442 2184 erant
475 2143 604 2184 huius
637 2144 813 2199 generis
846 2142 956 2194 loci,
998 2157 1179 2198 quorum
1208 2145 1418 2198 primum,
1464 2144 1537 2199 qui
1571 2157 1649 2183 ex·

201 2218 344 2260 stabat
373 2221 417 2261 in
448 2219 578 2262 Catil.
607 2220 677 2271 II,
709 2222 789 2272 13,
820 2221 900 2270 29,
932 2221 1028 2275 ipse
1058 2220 1287 2276 Zumptius
1319 2222 1363 2261 in
1397 2220 1648 2275 appendice,

200 2297 503 2338 animadversa
543 2297 776 2339 insolentia
818 2299 1039 2352 scripturae
1080 2313 1106 2339 a
1138 2312 1186 2339 se
1218 2298 1430 2347 inductae,
1469 2296 1523 2337 ad
1557 2311 1652 2337 eam

202 2374 403 2416 tuendam
436 2374 604 2423 attulit3
646 2374 708 2416 ibi
739 2388 817 2431 pro
857 2378 1058 2429 precari,
1107 2379 1314 2416 venerari
1343 2380 1472 2429 alque
1503 2375 1652 2427 implo-

201 2465 302 2492 rare
343 2452 454 2492 edidi
481 2456 682 2506 precari,
713 2456 937 2503 venerari,
967 2452 1224 2507 implorare,
1254 2461 1428 2494 secutus
1462 2460 1505 2492 et
1536 2452 1653 2492 codi-

226 2603 264 2645 1)
294 2603 349 2635 De
375 2602 676 2637 adnotationibus
712 2603 933 2648 quibusdam
972 2615 1015 2639 ex
1043 2603 1215 2650 margine
1252 2608 1318 2639 aut
1353 2602 1482 2648 spatiis
1511 2601 1654 2635 interli-

290 2663 467 2698 uentibus
493 2663 531 2697 in
556 2667 698 2699 textum
732 2664 901 2699 omnium
928 2665 1033 2700 codd.
1069 2665 1182 2699 huius
1218 2664 1334 2710 partis
1369 2662 1528 2706 receptis
1557 2662 1657 2695 infru

294 2722 428 2757 dicam.
485 2723 644 2757 Causam
661 2724 758 2759 falso
784 2725 993 2770 explicandi
1018 2730 1055 2760 et
1080 2725 1212 2759 deinde
1236 2722 1487 2769 interpolandi
1513 2721 1655 2755 ostendi

293 2794 371 2817 esee
401 2783 439 2817 in
466 2794 533 2823 eo,
570 2784 666 2827 quod
695 2785 864 2829 sequitur
889 2785 1038 2820 inverso
1064 2785 1195 2820 ordine
1224 2782 1468 2821 coniunctim:
1502 2781 1653 2816 interro-

292 2843 412 2886 gandi
428 2843 618 2886 facultas,
645 2846 928 2891 argumentandi
950 2846 1173 2891 dicendique.
