1981 3390
388 250 493 323 2⁴2

323 371 493 412 locutos
511 381 619 420 esse,
637 375 700 420 ut,
730 369 801 424 qui
825 369 920 409 sine
942 368 1154 423 suffragio
1175 368 1294 408 cives
1325 373 1484 417 essent,
1503 367 1662 408 civium
1691 379 1769 408 no-

322 450 442 490 mine
473 445 759 488 excluderent
779 447 835 497 ι).
901 443 993 485 Nec
1023 446 1179 486 mirum
1210 452 1297 494 est,
1344 444 1422 485 hos
1464 453 1607 484 tamen
1641 442 1768 484 Cam-

321 539 458 579 panos
495 538 590 565 cum
621 523 826 577 reliquis,
860 523 933 575 qui
961 522 1171 575 suffragia
1201 534 1286 562 non
1312 521 1546 571 haberent,
1590 532 1769 560 consen-

323 605 432 644 sisse
464 602 513 642 ad
550 601 833 640 defectionem
853 627 864 647 ,
910 612 1063 651 quum,
1109 612 1191 652 quo
1222 600 1363 638 minus
1396 598 1525 650 plane
1558 612 1655 638 cum
1682 597 1768 638 Ro-

323 693 452 720 mana
485 692 532 717 re
573 675 748 728 publica
793 672 1110 723 coalescerent,
1156 676 1341 728 propriae
1376 676 1682 730 cogitationem
1726 682 1769 714 et

324 755 576 795 memoriam
619 752 910 806 deponerent,
950 758 1106 804 praeter
1148 749 1268 790 urbis
1307 752 1646 804 magnitudinem
1677 752 1772 805 ipsa

325 839 567 872 ceterorum
599 829 793 869 condicio
825 825 1092 882 prohiberet.
1170 826 1256 868 Sed
1289 841 1348 866 ex
1375 826 1455 867 hac
1487 828 1646 866 civium
1674 840 1771 867 cum

323 908 534 961 suffragio
568 913 609 946 et
635 905 846 960 suffragio
880 905 1117 945 carentium
1144 904 1446 944 coniunctione
1487 904 1625 944 maior
1660 916 1773 958 quae·

323 986 423 1025 dam
463 985 509 1023 in
549 982 629 1022 hac
671 981 877 1037 opulenta
917 980 1053 1031 urbe,
1101 995 1230 1035 quam
1269 982 1315 1021 in
1351 980 1450 1021 aliis
1489 980 1772 1035 praefecturis,

324 1061 540 1103 libertatis
571 1060 738 1114 species
770 1057 988 1099 oriebatur
1010 1059 1069 1109 2),
1099 1072 1235 1112 eaque
1268 1058 1454 1098 fortasse
1475 1057 1651 1097 Livium
1671 1070 1774 1097 rmo-

323 1140 413 1189 vit,
444 1145 515 1188 ut,
545 1136 619 1176 ubi
649 1151 687 1176 a.
717 1137 798 1176 211
830 1150 1001 1176 omnem
1034 1134 1352 1189 Campanorum
1381 1149 1471 1175 rem
1503 1141 1772 1174 communem

325 1213 543 1255 sublatam
596 1221 741 1253 narrat
775 1211 983 1266 (XXVI,
1029 1214 1127 1261 16),
1169 1212 1362 1265 praefecti
1405 1212 1527 1251 missi
1570 1219 1773 1264 tanquam

326 1305 452 1332 novae
482 1292 547 1330 rei
580 1291 843 1329 mentionem
886 1288 1074 1337 faceret,
1115 1296 1264 1328 contra
1293 1302 1342 1328 ae
1373 1288 1436 1327 rei
1467 1294 1620 1326 natura
1644 1296 1774 1341 supra

326 1367 549 1422 explicata
583 1374 626 1406 et
661 1366 798 1420 ipsius
841 1363 952 1404 alter
983 1363 1107 1404 locus
1137 1364 1250 1419 (IX,
1285 1363 1358 1418 20)
1390 1362 1639 1416 postulant,
1667 1361 1776 1404 Vel-

326 1444 575 1498 leiumque,
619 1450 666 1482 ut
697 1450 787 1482 tum
820 1441 1124 1496 praefecturam
1151 1441 1309 1482 factam
1343 1439 1536 1495 Capuam
1567 1438 1776 1481 scriberet

328 1520 390 1571 (Π
404 1551 416 1571 ,
448 1522 518 1570 44)
541 1519 595 1571 3).

350 1642 389 1684 ²)
421 1641 552 1684 Itaque
587 1637 714 1673 Livius
747 1638 895 1681 xxm,
933 1638 979 1673 46
1012 1638 1065 1681 (a.
1094 1638 1183 1682 215)
1219 1637 1381 1683 equitem
1410 1637 1643 1682 Campanum
1668 1635 1776 1672 nobi-

418 1701 517 1740 lem,
560 1699 755 1732 Cerrinum
780 1699 985 1732 Iubellium
1012 1700 1226 1740 Tauream,
1255 1698 1367 1731 civem
1403 1699 1558 1731 indidem
1586 1699 1776 1742 appellat;

416 1761 631 1794 Romanum
671 1759 887 1804 intessigitr
906 1770 994 1792 nam
1021 1760 1254 1804 Campanum
1287 1758 1385 1792 nihil
1411 1769 1502 1803 opus
1529 1762 1610 1792 erat
1638 1758 1775 1793 dicere.

352 1821 393 1864 2)
420 1816 550 1864 Quum'
588 1818 726 1851 civium
770 1819 849 1852 sine
890 1819 1072 1863 suffragio
1117 1819 1230 1864 longe
1266 1817 1559 1852 numerosissimi
1593 1818 1776 1862 Campani

419 1883 562 1920 esseut,
602 1879 740 1911 horum
778 1879 890 1922 copiae
921 1881 1017 1924 apud
1045 1879 1249 1924 Polybium
1274 1879 1350 1921 (ΙΙ,
1391 1877 1455 1920 24)
1492 1878 1530 1912 in
1560 1878 1776 1912 recensione

419 1939 639 1984 copiarum,
679 1949 768 1982 quas
804 1939 916 1972 Italia
942 1950 974 1973 a.
1005 1938 1074 1973 226
1103 1949 1136 1972 a.
1168 1940 1234 1973 ch.
1263 1938 1384 1972 Gallis
1421 1949 1609 1983 opponere
1642 1941 1776 1982 posset,

417 2011 598 2040 seorsum,
627 1998 792 2032 discretz
822 2003 858 2033 et
883 2010 905 2032 a
930 1999 1111 2032 Romanis
1138 2003 1175 2033 et
1199 2009 1222 2032 a
1245 1998 1374 2039 sociis,
1399 1999 1463 2032 sed
1491 2009 1574 2031 cum
1596 1997 1776 2030 Romanis

419 2059 674 2094 nominantur.
732 2060 788 2092 De
809 2071 938 2093 eorum
956 2059 1170 2103 legionibus
1195 2062 1297 2092 recte
1324 2063 1414 2102 puto
1431 2061 1597 2091 statuere
1608 2056 1775 2090 Niebuh-

419 2120 519 2154 rium
554 2120 607 2162 (11
642 2132 677 2163 p.
709 2119 787 2163 66).
846 2119 953 2163 Quod
980 2119 1079 2162 apud
1106 2119 1281 2152 Orosium
1305 2119 1368 2159 lv,
1397 2117 1420 2151 3
1443 2117 1545 2162 legio
1571 2117 1640 2150 illa
1665 2117 1776 2150 Cam-

420 2190 520 2224 pana
547 2183 676 2212 octava
710 2178 944 2218 nominatur,
983 2180 1028 2211 de
1054 2180 1187 2213 mendo
1216 2183 1427 2223 suspectum
1453 2177 1548 2211 mihi
1574 2181 1651 2218 est3
1687 2187 1775 2210 nam

422 2250 543 2282 neque
573 2249 616 2271 ea
644 2239 845 2272 admodum
865 2243 953 2282 apta
975 2244 1029 2273 est
1056 2240 1152 2275 ratio
1175 2239 1335 2285 legionis
1352 2237 1615 2284 significandae,
1641 2236 1775 2270 omisso

420 2299 615 2341 Campanae
641 2298 804 2338 nomine,
829 2309 949 2341 neque
974 2299 1141 2342 legiones
1169 2300 1246 2333 eius
1272 2299 1412 2337 aetatis,
1438 2309 1516 2342 quae
1544 2307 1616 2330 nou
1642 2305 1776 2339 perpe·

373 2375 381 2381 ·
417 2361 488 2391 tuae
516 2361 634 2397 erant,
660 2357 712 2389 sic
740 2357 776 2389 iu
802 2356 962 2389 historia
989 2358 1153 2391 numeris
1178 2360 1300 2393 notari
1325 2360 1509 2402 poterant.

357 2418 395 2462 ⁸)
422 2418 621 2462 Superest,
657 2427 734 2460 quae
767 2415 889 2448 minus
926 2417 971 2449 ad
1007 2428 1073 2450 nos
1111 2417 1292 2460 pertinet,
1335 2416 1541 2449 difficultas
1575 2415 1701 2460 aliqua
1737 2416 1775 2449 in

421 2477 547 2511 verbis
584 2476 679 2510 Livii
719 2476 754 2509 in
790 2477 860 2509 hac
898 2480 1003 2520 parte
1034 2476 1197 2511 historiae
1233 2480 1386 2521 propter
1421 2475 1604 2509 incuriam
1638 2475 1776 2508 veteris

424 2537 516 2571 iuris
542 2536 683 2581 publici
719 2536 912 2570 obscurius
937 2537 1098 2581 scripta,
1128 2537 1163 2570 in
1195 2547 1267 2581 qua
1295 2536 1407 2569 etiam
1434 2536 1587 2568 eandem
1615 2547 1694 2568 rem
1718 2535 1776 2569 bis

423 2597 528 2631 varie
553 2600 703 2638 narrat3
733 2605 818 2629 nam
844 2607 922 2639 quae
946 2598 1091 2638 xxvl,
1117 2598 1162 2631 16
1188 2597 1406 2637 traduntur,
1442 2607 1513 2629 non
1541 2606 1629 2628 sane
1651 2595 1777 2629 statim

424 2658 555 2702 Capua
584 2660 692 2702 capta
717 2657 888 2690 confecta
915 2660 1014 2697 sunt,
1038 2656 1101 2689 sed
1127 2656 1196 2689 illa
1221 2660 1369 2689 senatus
1387 2655 1672 2696 consultatione,
1699 2667 1776 2700 quae

423 2719 567 2760 XXVI,
607 2717 652 2754 33
686 2721 999 2751 commemoratur
1035 2716 1126 2758 (rid.
1172 2717 1348 2750 Glarean.
1385 2716 1431 2749 ml
1467 2715 1631 2760 priorem
1669 2716 1778 2758 loc.).

425 2780 551 2822 Quum
579 2778 677 2812 enim
704 2777 797 2811 alibi
823 2789 889 2821 per
918 2781 1032 2810 totam
1060 2777 1277 2811 desectionis
1314 2781 1349 2810 ct
1377 2787 1501 2821 poenae
1525 2775 1778 2810 narrationem

425 2839 470 2871 de
497 2837 694 2883 Campanis
719 2842 898 2882 tanquam
925 2838 969 2870 de
996 2837 1104 2873 sociis
1129 2839 1326 2883 loquatur,
1352 2836 1556 2882 posteriore
1581 2837 1663 2871 lom
1689 2846 1776 2870 nar-
