1981 3390
1417 252 1507 300 193

137 373 297 416 codicis
339 371 387 414 C.
430 369 605 426 steph„
663 369 784 410 codd.
834 366 1061 417 Lambini,
1110 367 1414 423 Graevianique
1458 374 1584 425 primi

133 465 293 507 qua-eo,
329 450 440 506 quod
474 446 824 503 supplementum
853 445 924 487 hic
954 454 1001 486 ut
1043 443 1148 486 alibi
1189 445 1475 501 interpolator
1509 448 1582 487 ad-

133 529 306 583 scripsit
336 525 483 568 verbis
508 538 593 579 per
625 525 726 565 deos
758 525 1035 572 immortales,
1059 523 1110 564 de
1136 538 1219 578 quo
1245 537 1298 564 ne
1321 522 1583 575 dubitemus,

137 608 181 646 in
212 613 318 646 vett.
368 605 488 644 editt.
523 604 787 658 praeponitur
821 601 887 641 his
922 600 1090 649 verbis3
1120 602 1354 642 auctoritas
1385 603 1582 649 testatior

130 690 268 732 esset,
298 682 336 722 si
367 679 579 721 Gruterus
610 680 779 720 codices
812 681 1080 734 inspexisset
1114 687 1186 719 aut
1221 678 1348 720 Oxx.
1384 681 1581 720 omissio-

128 772 206 800 nes
234 766 278 800 et
311 759 670 810 transpositiones
705 756 936 798 verborum
969 766 1119 797 notare
1152 755 1359 798 solerent.

255 834 305 876 C.
325 838 393 893 ltl,
421 837 473 875 21
493 835 629 876 edidi:
661 838 720 874 sit
749 840 916 875 (eterna
940 835 1088 888 gloria
1115 834 1308 885 ΒΙανιίις,
1338 833 1413 874 ubi
1450 833 1579 888 vulgo

129 920 195 954 est
221 916 269 953 iu
298 917 479 962 aelerna,
509 920 682 952 secutus
714 911 851 959 codd„
886 912 1055 965 opinor,
1087 925 1250 960 ornnes,
1285 918 1400 951 certe
1431 925 1583 951 omnes

130 990 257 1031 Oxx.
297 997 340 1030 et
382 997 591 1044 praeterea
632 987 750 1037 Erf„
805 988 927 1027 codd.
965 986 1169 1028 Lambini
1209 995 1252 1027 et
1293 985 1581 1028 Bai-berintum

127 1066 446 1120 editionemque
486 1080 524 1105 a.
561 1065 693 1112 14723
738 1064 890 1104 eodem
936 1065 1061 1105 niodo
1110 1064 1300 1119 loquitur
1342 1063 1496 1105 Cicero
1527 1065 1580 1104 de

128 1142 252 1185 Orat.
281 1142 351 1194 II,
381 1144 457 1193 18,
489 1143 569 1192 75,
610 1155 689 1196 pro
721 1141 863 1182 Sestio
893 1144 975 1193 68,
1006 1143 1101 1183 142.
1171 1141 1263 1183 Nec
1294 1151 1437 1182 tamen
1466 1143 1581 1183 idem

128 1222 172 1261 in
205 1219 286 1276 Ep.
319 1220 372 1260 ad
403 1220 524 1261 Pani.
555 1219 646 1269 Vl,
679 1221 706 1259 4
735 1219 987 1261 defendam:
1030 1226 1190 1274 quanto
1212 1219 1384 1269 fuerim
1417 1220 1578 1269 dolore,

128 1312 209 1339 nec
236 1297 288 1338 ad
322 1297 455 1338 Attic.
488 1296 546 1346 V,
576 1298 654 1336 14:
691 1309 846 1350 magno
877 1300 1031 1337 le‘more
1063 1311 1175 1345 sum,
1209 1311 1302 1352 quae
1337 1298 1440 1336 citat
1469 1295 1579 1337 Gro-

125 1389 228 1416 nov.
258 1374 311 1415 ad
342 1373 516 1425 Liv.11‚
542 1374 620 1421 223
651 1387 747 1414 nani
782 1381 995 1428 perpetua
1025 1387 1168 1415 eomes
1196 1372 1340 1428 gloria
1373 1381 1578 1428 tanquam

218 1539 315 1573 saepe
354 1527 537 1572 reperiri,
575 1531 800 1572 argumenta
836 1528 958 1562 multa
994 1531 1030 1562 et
1072 1528 1356 1573 enthymemata
1395 1531 1432 1562 et
1469 1528 1579 1561 valde

210 1587 362 1621 infirma
389 1587 477 1632 poni
513 1591 550 1620 et
587 1588 718 1621 eadem
752 1587 837 1621 aliis
872 1593 986 1632 atque
1015 1588 1098 1622 aliis
1124 1588 1250 1622 verbis
1275 1588 1408 1633 repeti.
1455 1589 1580 1622 Multa

214 1647 292 1681 iam
318 1648 477 1682 Wolfius
514 1648 550 1681 in
587 1649 659 1682 hoc
685 1659 825 1693 genere
859 1649 1038 1694 deliquit,
1076 1648 1138 1694 qui
1168 1649 1416 1683 Gruter-ianas
1452 1649 1579 1682 sordes

212 1708 408 1754 exagitare
442 1707 579 1742 maluit
613 1712 789 1752 tanquam
815 1706 1079 1743 declamatoris
1113 1708 1272 1753 ineptias
1298 1718 1433 1753 quam,
1469 1707 1577 1740 adhi-

215 1769 328 1811 bitis,
361 1753 440 1814 qua:²
468 1772 601 1813 parata
631 1773 757 1810 eraut,
793 1768 953 1813 aliisque
990 1769 1147 1814 provisis
1184 1769 1356 1803 codicum
1389 1768 1578 1809 subsidiis,

211 1829 251 1863 in
276 1830 473 1863 emendata
497 1830 683 1874 scriptura
711 1833 853 1862 certum
874 1841 1013 1874 ponere
1032 1830 1332 1864 fundamentum.
1389 1829 1444 1861 De
1461 1839 1578 1873 argu-

216 1890 352 1924 mentis
378 1902 422 1923 cx
458 1890 635 1934 loquendi
668 1901 806 1935 genere
839 1891 997 1934 sumptis
1041 1891 1211 1934 exemplo
1245 1901 1325 1923 rem
1362 1889 1576 1922 declarabo.

214 1949 301 1983 Iure
333 1950 468 1994 aliquis
497 1955 537 1984 ut
569 1961 590 1984 a
617 1949 862 1984 Ciceroniana
887 1955 993 1984 aetate
1019 1951 1248 1990 abhorrens,
1284 1950 1328 1982 ad
1358 1947 1579 1981 inferiorem

213 2009 425 2052 pertinens,
461 2009 671 2054 exagitaret
707 2010 742 2043 in
782 2014 876 2042 orat.
911 1990 993 2053 pro⁴
1014 2008 1107 2041 Sest.
1134 2008 1202 2049 50,
1237 2008 1306 2041 107
1342 2006 1504 2040 exhibuit
1539 2018 1577 2040 sc

213 2073 420 2109 auctorem,
466 2069 563 2111 quod
600 2062 749 2102 nec⁷*id
793 2069 914 2112 ipsum
951 2078 1107 2111 usquam
1145 2068 1244 2112 apud
1285 2067 1506 2101 Ciceronem
1541 2072 1578 2101 et

215 2129 375 2172 aequales
410 2128 552 2172 legitur
586 2139 654 2160 nec
678 2127 812 2162 similis
842 2127 976 2172 aliquis
1003 2128 1294 2172 deprehenditur
1331 2134 1396 2162 aut
1421 2128 1495 2162 huc
1520 2127 1576 2162 in·

216 2187 359 2220 clinans
386 2187 463 2220 eius
487 2187 592 2220 verbi
618 2199 728 2229 usus,
761 2193 797 2222 et
832 2188 909 2222 alia
943 2188 1108 2232 quaedam
1134 2189 1250 2222 verba
1276 2188 1518 2222 usitatissima
1540 2189 1577 2222 iu

219 2258 262 2281 eo
298 2246 511 2292 significatu
548 2252 653 2286 sunt,
688 2254 724 2282 ct
761 2247 927 2281 exhibere
968 2249 1115 2292 quando
1153 2254 1281 2293 postea
1318 2254 1354 2282 et
1390 2248 1575 2293 quomodo

213 2308 350 2341 sensim
375 2307 428 2341 sic
455 2308 529 2341 dici
554 2308 739 2352 coeperit,
767 2307 1015 2342 demonstrari
1042 2312 1173 2351 potest.
1230 2309 1303 2342 Sed
1331 2308 1366 2342 id
1395 2320 1464 2354 ego
1490 2320 1574 2343 ver-

210 2367 302 2401 bum
338 2367 374 2400 in
410 2367 479 2401 illo
512 2368 596 2401 loco
631 2368 912 2413 interpolatoris
950 2379 1029 2402 esse
1066 2372 1102 2402 et
1136 2379 1158 2402 a
1188 2369 1378 2404 codicibus
1414 2370 1576 2415 antiquis

217 2428 347 2463 abesse
383 2427 505 2462 docui.
565 2428 705 2462 Contra
737 2428 775 2462 in
814 2429 895 2462 Cat.
925 2429 988 2470 lv,
1025 2428 1069 2470 2,
1103 2427 1127 2462 3
1151 2433 1327 2463 accusata
1353 2434 1407 2465 est
1432 2431 1576 2464 locutio

208 2498 279 2531 pro
304 2499 344 2520 eo
372 2499 416 2520 ac
442 2499 593 2528 mereor,
620 2490 717 2533 quod
747 2489 837 2522 alibi
872 2490 968 2534 apud
999 2488 1217 2523 Ciceronem
1243 2500 1288 2524 ea
1313 2501 1385 2524 non
1408 2489 1575 2536 legitur-3

212 2552 251 2582 at
275 2547 417 2592 legitur
440 2549 538 2593 apud
575 2548 698 2594 ipsum
736 2549 953 2584 Ciceronem
987 2560 1056 2593 pro
1084 2561 1147 2588 eo,
1183 2554 1355 2593 quantum
1383 2554 1418 2583 et
1437 2561 1508 2592 pro
1535 2561 1575 2583 eo

210 2618 256 2641 ac
289 2608 344 2646 si,
378 2608 529 2643 similia.
596 2610 820 2655 Argumeuti
857 2621 899 2643 ex
937 2611 1072 2644 mendo
1123 2610 1315 2655 scripturae
1358 2610 1573 2653 exemplum

211 2679 289 2702 esse
321 2672 463 2712 potest,
508 2671 605 2713 quod
641 2670 678 2704 in
717 2683 747 2704 c.
786 2670 822 2711 6,
857 2669 914 2704 13·
940 2674 1140 2704 accusatur
1174 2669 1324 2704 Ernesti
1361 2669 1576 2703 coniectura

219 2727 408 2767 Veremini,
436 2741 560 2763 censeo
580 2730 635 2772 (id
656 2735 722 2772 est,
743 2731 882 2775 credo).
935 2731 1112 2765 Codicum
1129 2731 1241 2765 lectio
1268 2741 1289 2764 a
1315 2740 1374 2763 me
1400 2729 1575 2764 restituta

213 2787 303 2821 tatis
340 2798 362 2822 a
400 2788 642 2825 Steinmetzio
689 2791 842 2825 defensa
880 2794 936 2825 cst
970 2791 1251 2836 comparatione
1283 2789 1455 2825 Sallustii
1491 2790 1570 2824 Cnt.

213 2844 269 2879 52.
318 2847 463 2884 lrouice
487 2851 628 2892 suadet,
654 2855 695 2886 ut
711 2855 923 2887 vereantur.

1234 2923 1276 2956 13
