1981 3390
1463 272 1560 324 241

184 403 360 449 tumque
393 400 519 435 suum
552 387 719 440 habuit,
749 400 804 431 ne
839 389 881 431 id
915 389 1088 446 quidem
1115 390 1271 433 mirum
1300 404 1378 447 per
1410 405 1458 434 se
1491 402 1557 435 est
1577 394 1633 448 ¹).

184 470 351 513 Verum
381 477 474 511 erat
505 481 609 508 sane
642 466 865 523 singulare
895 466 1058 523 aliquid
1087 469 1134 510 in
1167 483 1220 510 ea
1252 468 1376 520 urbe,
1416 469 1492 516 sed
1520 471 1633 525 quod

181 562 268 589 non
301 548 352 588 ad
385 554 575 586 nostram
608 545 946 599 disputationem
977 545 1322 598 convellendam,
1354 547 1429 587 sed
1455 547 1509 588 ad
1536 561 1631 588 eam

183 623 519 666 confirmandam
537 621 697 662 valeat.
763 621 874 663 Nam
894 625 1005 679 parti
1030 622 1162 664 alicui
1189 623 1509 679 Campanorum
1538 626 1631 664 sine

180 700 311 742 dubio
344 699 475 755 plena
507 701 661 740 civitas
692 699 794 739 data
821 708 928 740 erat.
1005 699 1237 756 Campanis
1269 702 1384 742 enim
1414 700 1632 756 equitibus

179 777 300 820 mille
327 785 370 818 et
402 778 625 818 sexcentis
655 775 809 817 Livius
843 776 998 830 (VIII,
1031 777 1102 830 11)
1130 792 1168 818 a.
1201 778 1300 829 340,
1335 778 1449 834 quod
1483 786 1633 819 contra

179 853 395 910 reliquum
438 853 647 910 populum
697 868 792 895 cum
844 853 1052 896 Romanis
1101 856 1365 906 sensissent,
1411 857 1633 898 civitatem

181 933 326 973 datam
380 933 443 972 ita
494 938 661 980 narrat,
711 938 759 969 ut
805 944 908 970 vere
955 931 1179 984 praemium
1224 931 1361 971 fuisse
1411 940 1633 985 appareat,

183 1023 344 1064 eosque
378 1008 506 1064 plane
538 1022 564 1047 a
594 1005 827 1060 Campanis
859 1007 1041 1055 ceteriS,
1072 1008 1145 1061 qui
1176 1005 1338 1047 tributa
1361 1008 1416 1047 iis
1444 1008 1633 1062 pendere

179 1085 456 1135 iuberentur,
489 1085 708 1124 seiunctos
739 1090 782 1122 et
814 1083 937 1137 quasi
970 1083 1161 1135 praesidii
1193 1097 1324 1124 causa
1356 1097 1441 1125 non
1475 1086 1634 1137 minus,

180 1176 308 1218 quam
338 1160 446 1202 alibi
475 1160 652 1202 colonos
686 1159 908 1209 videmus,
937 1161 1176 1215 impositos.
1243 1159 1336 1201 Iam
1367 1160 1471 1211 hos,
1502 1176 1633 1217 quum

181 1240 336 1280 ceteris
376 1237 566 1278 subactis
609 1235 777 1277 duobus
824 1237 949 1277 annis
991 1245 1090 1292 post
1135 1239 1289 1278 civitas
1326 1238 1501 1280 daretur
1537 1241 1632 1280 sine

182 1316 422 1370 suffragio,
455 1314 607 1355 eodem
639 1313 736 1354 loco
771 1314 932 1364 fuisse,
962 1315 1139 1354 minime
1170 1322 1236 1355 est
1262 1315 1508 1369 probabile,
1540 1295 1657 1367 sed,'

183 1394 387 1448 quoniam
417 1405 496 1432 sua
535 1389 763 1431 tolleretur
795 1389 935 1431 libera
965 1398 1008 1430 et
1038 1404 1205 1432 summa
1237 1406 1306 1432 res
1339 1391 1538 1447 publica,
1578 1393 1632 1433 ad

181 1470 387 1511 Romanae
418 1476 585 1522 partem
621 1476 811 1508 vocatos.
886 1466 1037 1522 Itaque
1069 1468 1124 1508 ad
1154 1482 1229 1509 eos
1261 1471 1474 1524 pertinet,
1520 1470 1631 1525 quod

180 1546 336 1586 Livius
379 1543 636 1585 Terentium
669 1542 913 1584 Varronem
945 1545 1165 1586 consulem
1193 1554 1291 1600 post
1322 1545 1488 1587 cladem
1521 1545 1634 1587 Can-

181 1635 360 1663 nensem
391 1621 503 1676 apud
524 1619 768 1674 Campanos
798 1621 1011 1662 dicentem
1041 1621 1145 1662 facit
1169 1622 1376 1678 (XXIII,
1407 1621 1480 1677 5):
1517 1623 1633 1664 Ct've'·

183 1702 314 1740 tatem
343 1703 531 1739 nostram
568 1710 605 1738 m
621 1711 686 1752 ag
699 1709 777 1738 πω
810 1702 972 1752 parti
1007 1704 1203 1740 veslru
1216 1711 1254 1739 m
1295 1699 1487 1740 dedimus
1522 1713 1632 1740 com-

183 1779 578 1831 municavimusque
628 1775 865 1826 vobiscum,
931 1777 1043 1831 quod
1087 1778 1242 1818 mirum
1296 1777 1436 1817 videri
1489 1785 1634 1832 potest

182 1861 282 1908 post
320 1852 426 1902 illa,
477 1867 570 1908 quae
613 1853 666 1893 ad
706 1867 744 1893 a.
786 1855 870 1894 338
915 1853 1069 1904 (VIII,
1112 1854 1202 1905 14)·
1229 1856 1322 1909 ipse
1362 1856 1555 1895 narravit
1573 1856 1629 1905 2).

182 1929 476 1985 Intelligenda
512 1938 578 1970 est
607 1929 737 1984 plena
767 1931 945 1981 civitas,
977 1931 1323 1985 tenendumque,
1357 1931 1467 1985 quod
1498 1931 1630 1984 paulo

186 2014 285 2047 ante
327 2007 432 2046 satis
468 2009 679 2062 exposui,
723 2007 938 2047 interdum
978 2008 1210 2061 scriptores
1251 2009 1393 2047 minus
1432 2015 1631 2048 accurate

210 2149 248 2190 1)
276 2147 353 2179 Csr.
372 2159 405 2189 p.
423 2145 493 2179 235
506 2149 578 2179 not.
628 2144 827 2191 Dionysius
843 2146 1035 2191 (Excerpt.
1057 2147 1179 2181 Ursin.
1201 2160 1233 2192 p.
1249 2147 1316 2181 212
1331 2159 1408 2193 sqq.
1425 2147 1632 2190 Tauchn.),

279 2217 337 2240 res
349 2216 382 2239 a.
393 2205 462 2239 327
479 2210 602 2250 gestas
622 2217 930 2248 commemorans,
958 2208 1168 2251 Campanos
1191 2205 1358 2251 ὑπηκόοις
1370 2207 1439 2243 τῶν
1451 2211 1632 2253 Ρωμαιίυν

276 2267 458 2310 appellat.
516 2266 724 2309 Campanos
751 2267 910 2308 milites,
938 2267 1000 2311 qui
1028 2267 1176 2311 Rhegio
1207 2269 1259 2309 (a.
1285 2267 1371 2310 281)
1401 2268 1510 2312 potiti
1535 2272 1633 2309 sunt,

281 2325 454 2359 Valerius
487 2325 587 2358 Max.
616 2326 673 2366 ΙΙ,
707 2329 749 2366 7,
784 2327 829 2360 15
857 2327 953 2360 cives
979 2327 1161 2359 Romanos
1183 2328 1364 2370 appellat,
1393 2333 1430 2362 et
1450 2327 1634 2372 Polybius

278 2384 315 2427 I,
338 2386 361 2418 7
386 2386 588 2428 Ρωμαῖοι-ς,
616 2395 658 2418 co
685 2385 862 2419 nimirum
886 2397 1004 2427 more,
1031 2398 1103 2431 quo
1129 2386 1257 2420 Livius
1285 2387 1517 2429 Acerranos,
1554 2387 1634 2421 sine

277 2444 461 2489 suffragio
492 2444 590 2478 cives
617 2445 708 2488 (vid.
733 2447 847 2490 paulo
869 2451 954 2481 ante
978 2459 1013 2492 p.
1041 2446 1110 2481 238
1135 2447 1232 2490 not.)

211 2505 252 2549 ²)
275 2505 398 2540 Aliter
425 2504 531 2539 Nieb.
559 2506 617 2546 11,
650 2506 697 2540 76
723 2511 797 2541 not.
837 2507 905 2541 136
938 2508 984 2540 dc
1019 2507 1163 2541 civibus
1193 2508 1354 2541 Romam
1382 2506 1635 2553 migrantibus

280 2569 317 2599 et
345 2565 397 2598 ibi
434 2565 580 2609 privato
619 2565 756 2600 civium
795 2567 878 2601 iure
903 2568 1095 2602 utentibus
1120 2567 1404 2611 interpretatur.
1465 2567 1538 2600 Sed
1563 2566 1636 2599 civi

281 2625 360 2659 sinc
394 2625 600 2670 suffragio,
649 2631 690 2661 ut
726 2628 798 2661 hoc
835 2628 919 2662 iure
955 2632 1146 2670 uteretur,
1184 2627 1340 2662 minime
1375 2637 1530 2660 necesse,
1556 2630 1637 2661 erat

282 2687 444 2719 Romam
482 2685 660 2731 migrare.
730 2687 992 2730 connubium,
1039 2689 1135 2733 quod
1172 2690 1255 2721 erat
1291 2686 1473 2727 civitatis,
1509 2686 1637 2721 Livius

285 2746 425 2779 multus
462 2745 625 2780 familias
664 2747 786 2782 claras
821 2759 864 2782 ac
893 2752 1062 2793 potentes
1089 2747 1272 2783 Romanis
1296 2745 1487 2780 miscuisse
1510 2745 1639 2780 Livius

229 2847 235 2854 ,
281 2805 396 2840 tradit
413 2805 569 2848 (XXIII,
594 2806 629 2847 4,
653 2811 694 2842 ut
708 2808 865 2844 Pacuvii
893 2807 1041 2845 Calavii
1069 2808 1145 2844 ibd.
1171 2807 1226 2852 2),
1251 2817 1329 2851 quae
1351 2815 1441 2841 sane
1464 2815 1538 2841 nou
1558 2806 1638 2841 Ro-

283 2875 385 2900 mam
409 2865 632 2911 migrarant.

1318 2935 1365 2969 16
