1981 3390
416 225 520 274 354⁷

467 343 612 385 Venio
647 342 700 383 ad
740 341 876 383 libros
906 341 1014 382 dnos
1053 349 1298 391 extremos,
1338 343 1381 381 in
1413 340 1567 396 quibus
1598 352 1695 396 post
1724 357 1791 394 ea,

352 434 445 476 quae
477 419 580 460 olim
612 419 816 460 adnotavi
845 427 889 459 et
922 432 1013 474 quae
1041 433 1120 473 per
1152 421 1400 460 universum
1427 426 1680 459 contextum
1698 433 1793 459 ora-

349 499 479 538 tionis
508 497 733 549 Zumptius
756 495 952 549 pleniore
984 509 1088 535 usus
1121 504 1329 550 apparatu
1357 496 1602 536 emendavit
1628 497 1683 546 ¹),
1715 509 1794 536 nec

350 574 486 615 multa
515 580 768 627 supersunt,
801 571 854 611 de
888 570 1042 624 quibus
1075 572 1238 622 dicam,
1280 585 1358 612 nec
1391 572 1619 612 admodum
1650 571 1793 626 plera-

351 665 432 705 que
463 650 610 703 magni
640 648 861 688 momenti.
929 647 1013 687 Sed
1037 655 1179 687 tamen
1209 662 1350 701 operae
1370 650 1554 701 pretium
1586 650 1668 688 erit
1697 647 1794 688 bre-

350 728 461 766 viter
494 739 569 765 eos
600 724 720 764 locos
750 737 1016 778 percurrere,
1049 724 1091 762 in
1119 723 1274 778 quibus
1304 733 1377 764 aut
1405 725 1566 779 aliquid
1594 724 1792 765 relictum

349 817 374 842 a
405 802 606 857 Zumptio
638 801 823 850 videtur,
856 800 967 854 quod
999 798 1111 839 effici
1140 801 1345 853 potuerit,
1379 809 1467 851 aut,
1499 809 1547 840 ut
1567 798 1630 850 fit,
1658 799 1791 854 paulo

348 880 490 920 minus
522 885 638 918 recte
670 878 1030 927 administratum,
1057 877 1169 932 quod
1200 891 1327 932 quum
1361 878 1532 927 faciam,
1562 875 1692 916 simul
1718 889 1794 916 eos

347 955 468 996 locos
501 956 735 1009 attingam,
775 954 827 993 de
873 953 1027 1007 quibus
1071 968 1096 993 a
1138 968 1206 994 me
1250 954 1477 1009 Zumptius
1522 955 1584 994 ita
1627 953 1793 993 dissen-

347 1034 429 1083 sit,
458 1041 505 1072 ut
548 1031 654 1071 mihi
697 1040 840 1071 tamen
873 1045 923 1070 ea
960 1032 1199 1080 sententia,
1241 1045 1368 1085 quam
1401 1039 1500 1071 ante
1535 1028 1690 1079 habui,
1724 1043 1792 1069 re-

348 1111 457 1150 ctior
494 1108 693 1149 videatur
711 1106 769 1162 2).
836 1105 1059 1147 Nonnulla
1087 1106 1254 1147 leviora
1286 1109 1427 1147 minus
1456 1115 1571 1147 recte
1605 1106 1788 1146 admini-

348 1185 512 1227 strandi
550 1198 681 1225 causa
711 1184 818 1234 fuit,
870 1183 982 1237 quod
1024 1182 1242 1223 codicibus
1274 1182 1648 1235 Guelferbytanis,
1686 1194 1792 1236 quos

345 1265 440 1318 ipse
483 1261 703 1310 adhibuit,
756 1259 986 1300 obsecutus
1028 1267 1092 1298 est
1133 1259 1363 1314 aliquoties
1410 1269 1557 1300 contra
1600 1258 1793 1297 eiusdem

349 1341 519 1394 optimae
545 1336 722 1378 familiae
749 1337 1003 1391 principem,
1032 1337 1200 1389 regium
1228 1336 1532 1385 parisiensem,
1563 1348 1621 1374 ex
1653 1332 1796 1374 aliena

348 1424 390 1457 et
432 1417 587 1456 iterum
631 1414 846 1467 descripta
883 1412 1115 1453 collatione
1152 1422 1325 1463 notum,
1371 1421 1413 1452 et
1454 1412 1565 1453 alios
1607 1425 1702 1450 cum
1741 1423 1794 1450 eo

347 1494 581 1541 facientes,
624 1491 754 1530 etiam
787 1490 1075 1540 Vaticanum,
1118 1489 1191 1531 ubi
1232 1490 1299 1530 illi
1343 1489 1501 1529 leviter
1532 1490 1617 1528 iam
1650 1502 1675 1527 a
1706 1499 1794 1526 suae

347 1570 528 1624 originis
560 1569 809 1621 integritate
839 1566 1071 1607 declinant.
1142 1566 1254 1607 Nam
1297 1567 1498 1620 propiore
1540 1565 1593 1605 ab
1625 1565 1793 1619 origine

346 1646 483 1701 gradu
527 1645 695 1698 regium
738 1656 860 1692 esse,
905 1656 989 1683 non
1034 1642 1172 1683 solum
1218 1651 1316 1683 ante
1361 1642 1645 1696 descriptum,
1690 1641 1796 1680 satis

345 1731 479 1778 patet.
535 1721 644 1762 Utor
673 1707 1117 1774 manifesti'exempli
1148 1734 1293 1770 causa,
1324 1727 1476 1774 praeter
1511 1719 1678 1757 exitum
1713 1730 1794 1756 ex-

347 1801 473 1841 tremi
501 1798 630 1846 libri,
673 1797 824 1836 eodem
862 1795 982 1846 loco,
1035 1810 1118 1850 quo
1159 1805 1287 1836 antea
1325 1809 1429 1836 usus
1475 1809 1568 1835 sum
1614 1795 1703 1848 (ep.
1741 1793 1794 1834 ad

347 1876 487 1918 Orell.
530 1889 572 1928 p.
604 1871 702 1927 11);
743 1887 841 1912 nam
882 1872 963 1921 IV,
996 1874 1076 1923 44,
1121 1875 1176 1912 97
1216 1874 1259 1912 in
1291 1874 1413 1926 regio
1444 1871 1645 1912 scribitur
1675 1884 1797 1911 men-

347 1955 474 1994 dose:
520 1950 698 2004 hydrias
735 1949 1021 2003 grandissimi
1054 1947 1121 1989 Ιιίι·
1158 1953 1252 2002 (pro
1289 1950 1481 2003 grandes
1511 1949 1690 2000 similc'),·
1734 1961 1794 1988 ex

347 2045 398 2072 eo
426 2032 471 2070 in
503 2028 593 2069 Erf.
619 2035 683 2067 est
708 2026 1037 2080 grandissimas,
1069 2027 1113 2066 in
1146 2024 1292 2066 Guelf.
1323 2025 1342 2066 Ι
1369 2026 1685 2080 grandissimas
1716 2023 1794 2074 hii,

346 2107 458 2163 quod
474 2105 700 2159 Zumptius
724 2104 766 2143 in
790 2105 911 2158 regio
925 2117 1093 2157 quoque
1114 2117 1208 2143 esse
1222 2102 1385 2154 scribit,
1415 2104 1459 2142 in
1473 2102 1796 2155 alterogravis-

347 2188 490 2225 simas.
555 2182 680 2222 Prior
704 2180 875 2234 quidem
899 2179 1046 2221 Guelf.
1070 2180 1154 2231 hic,
1182 2189 1229 2221 ut
1255 2182 1300 2220 in
1331 2177 1626 2236 superioribus
1654 2177 1795 2228 libris,

373 2331 411 2374 ¹)
437 2330 493 2363 Ex
518 2339 657 2373 genere
691 2330 861 2362 locorum
897 2329 1190 2373 praecipuorum,
1227 2339 1270 2360 ex
1306 2327 1440 2370 quibus
1464 2325 1796 2370 interpolationem

439 2389 475 2423 in
504 2388 662 2433 epistola
687 2389 733 2422 ad
756 2388 873 2422 Orell.
902 2389 1037 2421 tollere
1062 2389 1277 2426 decreram,
1311 2397 1427 2419 unum
1452 2397 1549 2429 aegre
1573 2386 1654 2418 fero
1681 2385 1794 2418 Zum-

438 2449 517 2494 ptio
546 2448 741 2489 relictum,
768 2458 879 2491 quum
908 2446 999 2479 mihi
1025 2447 1071 2480 ad
1101 2446 1298 2479 veritatem
1322 2444 1582 2478 inveniendam
1609 2444 1687 2477 cod.
1715 2455 1795 2489 reg.

441 2513 478 2542 ct
501 2508 602 2542 Leid.
628 2508 804 2541 sufficere
830 2506 1065 2547 debuissent,
1092 2507 1134 2547 V,
1161 2507 1218 2545 47,
1244 2504 1323 2537 125.
1374 2505 1416 2537 In
1439 2505 1480 2545 V,
1511 2505 1568 2545 47,
1593 2502 1661 2537 121
1681 2515 1792 2548 quam

437 2567 661 2612 scripturam
689 2579 759 2611 ego
788 2566 1055 2600 restituendam
1081 2565 1315 2599 ostenderam
1345 2575 1412 2597 nec
1438 2568 1562 2598 tamen
1580 2563 1669 2597 eatis
1692 2568 1795 2599 certa

437 2627 582 2661 ratione
607 2638 673 2660 nec
696 2627 859 2660 historia:
887 2624 1105 2659 testimoniis
1131 2623 1404 2667 expediveram,
1428 2634 1472 2657 ea
1500 2635 1572 2668 quo
1597 2624 1796 2659 referenda

442 2691 557 2728 esset,
580 2687 775 2732 Zumptius
802 2685 971 2720 adhibito
1000 2684 1162 2718 Diodoro
1187 2682 1314 2716 Siculo
1343 2683 1480 2717 docuit.

370 2747 411 2787 ²)
439 2745 661 2781 Rectissime
691 2746 862 2781 dissensit
886 2747 929 2787 V,
961 2746 1028 2786 67,
1068 2744 1158 2784 171,
1195 2744 1241 2776 de
1274 2754 1344 2787 quo
1379 2744 1462 2778 loco
1495 2743 1640 2778 monuit
1677 2743 1790 2778 etiam

439 2806 579 2841 Bakius
600 2806 635 2841 in
663 2818 818 2842 censura
843 2807 1007 2851 epistola:
1036 2809 1166 2839 nostrie
1192 2804 1227 2837 in
1253 2804 1345 2837 bibl.
1371 2804 1451 2839 crit.
1478 2815 1560 2838 nov.
1588 2804 1661 2838 voi.
1691 2805 1732 2836 V.
