<?xml version="1.0" encoding="UTF-8"?>
<!DOCTYPE html PUBLIC "-//W3C//DTD XHTML 1.0 Transitional//EN"
    "http://www.w3.org/TR/xhtml1/DTD/xhtml1-transitional.dtd">
<html xmlns="http://www.w3.org/1999/xhtml" xml:lang="en" lang="en">
 <head>
  <title>
</title>
<meta http-equiv="Content-Type" content="text/html;charset=utf-8" />
  <meta name='ocr-system' content='tesseract 3.04.00' />
  <meta name='ocr-capabilities' content='ocr_page ocr_carea ocr_par ocr_line ocrx_word'/>
</head>
<body>
  <div class='ocr_page' id='page_1' title='image "./ionicolaimadvigi01madvuoft_0158.png"; bbox 0 0 1981 3390; ppageno 0'>
   <div class='ocr_carea' id='block_1_1' title="bbox 444 249 538 297">
    <p class='ocr_par' dir='ltr' id='par_1_1' title="bbox 444 249 538 297">
     <span class='ocr_line' id='line_1_1' title="bbox 444 249 538 297; baseline 0 0"><span class='ocrx_word' id='word_1_1' title='bbox 444 249 538 297; x_wconf 78' lang='lat'><strong>146</strong></span> 
     </span>
    </p>
   </div>
   <div class='ocr_carea' id='block_1_2' title="bbox 344 366 1835 2766">
    <p class='ocr_par' dir='ltr' id='par_1_2' title="bbox 344 366 1835 2766">
     <span class='ocr_line' id='line_1_2' title="bbox 371 366 1826 424; baseline -0.002 -13"><span class='ocrx_word' id='word_1_2' title='bbox 371 370 567 413; x_wconf 67' lang='lat' dir='ltr'><strong>humanm</strong></span> <span class='ocrx_word' id='word_1_3' title='bbox 607 369 825 423; x_wconf 70' lang='lat' dir='ltr'><strong>amlacioe)</strong></span> <span class='ocrx_word' id='word_1_4' title='bbox 870 377 910 409; x_wconf 80' lang='lat' dir='ltr'><strong>et</strong></span> <span class='ocrx_word' id='word_1_5' title='bbox 965 368 1102 410; x_wconf 79' lang='lat' dir='ltr'><strong>fracta</strong></span> <span class='ocrx_word' id='word_1_6' title='bbox 1142 366 1290 424; x_wconf 84' lang='lat' dir='ltr'><strong>aliquo</strong></span> <span class='ocrx_word' id='word_1_7' title='bbox 1333 368 1460 409; x_wconf 88' lang='lat' dir='ltr'><strong>modo</strong></span> <span class='ocrx_word' id='word_1_8' title='bbox 1498 368 1541 409; x_wconf 83' lang='lat' dir='ltr'><strong>vi</strong></span> <span class='ocrx_word' id='word_1_9' title='bbox 1586 368 1826 417; x_wconf 59' lang='lat' dir='ltr'><strong>orationin</strong></span> 
     </span>
     <span class='ocr_line' id='line_1_3' title="bbox 373 445 1825 507; baseline -0.004 -15"><span class='ocrx_word' id='word_1_10' title='bbox 373 449 471 507; x_wconf 87' lang='lat' dir='ltr'><strong>plus</strong></span> <span class='ocrx_word' id='word_1_11' title='bbox 503 456 570 490; x_wconf 87' lang='lat' dir='ltr'><strong>est</strong></span> <span class='ocrx_word' id='word_1_12' title='bbox 601 449 717 490; x_wconf 89' lang='lat' dir='ltr'><strong>enim</strong></span> <span class='ocrx_word' id='word_1_13' title='bbox 747 460 832 488; x_wconf 80' lang='lat' dir='ltr'><strong>non</strong></span> <span class='ocrx_word' id='word_1_14' title='bbox 864 445 1074 487; x_wconf 75' lang='lat' dir='ltr'><strong>humanus</strong></span> <span class='ocrx_word' id='word_1_15' title='bbox 1101 460 1180 502; x_wconf 84' lang='lat' dir='ltr'><strong>per</strong></span> <span class='ocrx_word' id='word_1_16' title='bbox 1209 460 1272 498; x_wconf 88' lang='lat' dir='ltr'><strong>se,</strong></span> <span class='ocrx_word' id='word_1_17' title='bbox 1307 461 1434 502; x_wconf 90' lang='lat' dir='ltr'><strong>quam</strong></span> <span class='ocrx_word' id='word_1_18' title='bbox 1461 447 1499 488; x_wconf 82' lang='lat' dir='ltr'><strong>si</strong></span> <span class='ocrx_word' id='word_1_19' title='bbox 1530 446 1713 487; x_wconf 80' lang='lat' dir='ltr'><strong>addatur</strong></span> <span class='ocrx_word' id='word_1_20' title='bbox 1737 457 1825 487; x_wconf 73' lang='lat' dir='ltr'><strong>non</strong></span> 
     </span>
     <span class='ocr_line' id='line_1_4' title="bbox 371 523 1822 580; baseline -0.005 -10"><span class='ocrx_word' id='word_1_21' title='bbox 371 527 636 570; x_wconf 80' lang='lat' dir='ltr'><strong>tolerandus.</strong></span> <span class='ocrx_word' id='word_1_22' title='bbox 710 525 759 566; x_wconf 87' lang='lat' dir='ltr'><strong>In</strong></span> <span class='ocrx_word' id='word_1_23' title='bbox 793 523 1016 566; x_wconf 81' lang='lat' dir='ltr'><strong>codicibus</strong></span> <span class='ocrx_word' id='word_1_24' title='bbox 1044 531 1188 565; x_wconf 82' lang='lat' dir='ltr'><strong>autem</strong></span> <span class='ocrx_word' id='word_1_25' title='bbox 1217 526 1403 580; x_wconf 88' lang='lat' dir='ltr'><strong>primum</strong></span> <span class='ocrx_word' id='word_1_26' title='bbox 1433 526 1582 566; x_wconf 84' lang='lat' dir='ltr'><strong>varius</strong></span> <span class='ocrx_word' id='word_1_27' title='bbox 1616 531 1682 564; x_wconf 90' lang='lat' dir='ltr'><strong>est</strong></span> <span class='ocrx_word' id='word_1_28' title='bbox 1716 523 1822 564; x_wconf 88' lang='lat' dir='ltr'><strong>ordo</strong></span> 
     </span>
     <span class='ocr_line' id='line_1_5' title="bbox 344 600 1826 657; baseline -0.005 -8"><span class='ocrx_word' id='word_1_29' title='bbox 344 606 637 654; x_wconf 63' lang='lat' dir='ltr'><strong>‘ven-borum,</strong></span> <span class='ocrx_word' id='word_1_30' title='bbox 681 603 835 644; x_wconf 84' lang='lat' dir='ltr'><strong>deinde</strong></span> <span class='ocrx_word' id='word_1_31' title='bbox 869 603 999 642; x_wconf 83' lang='lat' dir='ltr'><strong>etiam</strong></span> <span class='ocrx_word' id='word_1_32' title='bbox 1040 603 1277 657; x_wconf 78' lang='lat' dir='ltr'><strong>scriptura3</strong></span> <span class='ocrx_word' id='word_1_33' title='bbox 1325 618 1426 644; x_wconf 84' lang='lat' dir='ltr'><strong>nam</strong></span> <span class='ocrx_word' id='word_1_34' title='bbox 1457 605 1502 644; x_wconf 90' lang='lat' dir='ltr'><strong>in</strong></span> <span class='ocrx_word' id='word_1_35' title='bbox 1532 616 1618 643; x_wconf 91' lang='lat' dir='ltr'><strong>uno</strong></span> <span class='ocrx_word' id='word_1_36' title='bbox 1659 600 1826 642; x_wconf 80' lang='lat' dir='ltr'><strong>Graevii</strong></span> 
     </span>
     <span class='ocr_line' id='line_1_6' title="bbox 371 678 1823 731; baseline -0.006 -4"><span class='ocrx_word' id='word_1_37' title='bbox 371 686 465 728; x_wconf 90' lang='lat' dir='ltr'><strong>cod.</strong></span> <span class='ocrx_word' id='word_1_38' title='bbox 511 691 577 724; x_wconf 86' lang='lat' dir='ltr'><strong>est</strong></span> <span class='ocrx_word' id='word_1_39' title='bbox 608 681 805 723; x_wconf 60' lang='lat' dir='ltr'><strong>ltnmanoe</strong></span> <span class='ocrx_word' id='word_1_40' title='bbox 843 694 897 720; x_wconf 84' lang='lat' dir='ltr'><strong>ac</strong></span> <span class='ocrx_word' id='word_1_41' title='bbox 925 680 1188 731; x_wconf 76' lang='lat' dir='ltr'><strong>tolerandae,</strong></span> <span class='ocrx_word' id='word_1_42' title='bbox 1227 683 1272 720; x_wconf 88' lang='lat' dir='ltr'><strong>in</strong></span> <span class='ocrx_word' id='word_1_43' title='bbox 1310 681 1448 722; x_wconf 89' lang='lat' dir='ltr'><strong>tribus</strong></span> <span class='ocrx_word' id='word_1_44' title='bbox 1489 678 1823 722; x_wconf 84' lang='lat' dir='ltr'><strong>Oxoniensibus</strong></span> 
     </span>
     <span class='ocr_line' id='line_1_7' title="bbox 372 757 1825 808; baseline -0.004 -4"><span class='ocrx_word' id='word_1_45' title='bbox 372 763 568 804; x_wconf 64' lang='lat' dir='ltr'><strong>hnmanae</strong></span> <span class='ocrx_word' id='word_1_46' title='bbox 599 772 653 800; x_wconf 80' lang='lat' dir='ltr'><strong>ac</strong></span> <span class='ocrx_word' id='word_1_47' title='bbox 685 757 1017 808; x_wconf 71' lang='lat' dir='ltr'><strong>intollerandae,</strong></span> <span class='ocrx_word' id='word_1_48' title='bbox 1051 758 1097 797; x_wconf 89' lang='lat' dir='ltr'><strong>in</strong></span> <span class='ocrx_word' id='word_1_49' title='bbox 1128 771 1215 797; x_wconf 90' lang='lat' dir='ltr'><strong>uno</strong></span> <span class='ocrx_word' id='word_1_50' title='bbox 1244 757 1702 800; x_wconf 76' lang='lat' dir='ltr'><strong>oxon.2·ntolerandoe</strong></span> <span class='ocrx_word' id='word_1_51' title='bbox 1734 771 1825 798; x_wconf 84' lang='lat' dir='ltr'><strong>ser-</strong></span> 
     </span>
     <span class='ocr_line' id='line_1_8' title="bbox 373 835 1826 894; baseline -0.005 -12"><span class='ocrx_word' id='word_1_52' title='bbox 373 849 474 882; x_wconf 82' lang='lat' dir='ltr'><strong>vato</strong></span> <span class='ocrx_word' id='word_1_53' title='bbox 504 838 673 894; x_wconf 81' lang='lat' dir='ltr'><strong>vulgari</strong></span> <span class='ocrx_word' id='word_1_54' title='bbox 705 837 870 877; x_wconf 84' lang='lat' dir='ltr'><strong>ordine.</strong></span> <span class='ocrx_word' id='word_1_55' title='bbox 945 835 1074 885; x_wconf 82' lang='lat' dir='ltr'><strong>Quod</strong></span> <span class='ocrx_word' id='word_1_56' title='bbox 1105 836 1192 876; x_wconf 91' lang='lat' dir='ltr'><strong>iam</strong></span> <span class='ocrx_word' id='word_1_57' title='bbox 1223 835 1323 877; x_wconf 90' lang='lat' dir='ltr'><strong>hinc</strong></span> <span class='ocrx_word' id='word_1_58' title='bbox 1353 835 1652 887; x_wconf 81' lang='lat' dir='ltr'><strong>concluditur,</strong></span> <span class='ocrx_word' id='word_1_59' title='bbox 1690 835 1826 889; x_wconf 81' lang='lat' dir='ltr'><strong>parti-</strong></span> 
     </span>
     <span class='ocr_line' id='line_1_9' title="bbox 374 912 1830 975; baseline -0.004 -15"><span class='ocrx_word' id='word_1_60' title='bbox 374 920 534 975; x_wconf 87' lang='lat' dir='ltr'><strong>cipium</strong></span> <span class='ocrx_word' id='word_1_61' title='bbox 576 916 977 971; x_wconf 80' lang='lat' dir='ltr'><strong>interpretationem</strong></span> <span class='ocrx_word' id='word_1_62' title='bbox 1019 927 1116 954; x_wconf 88' lang='lat' dir='ltr'><strong>esse</strong></span> <span class='ocrx_word' id='word_1_63' title='bbox 1159 913 1363 955; x_wconf 88' lang='lat' dir='ltr'><strong>adiectivi</strong></span> <span class='ocrx_word' id='word_1_64' title='bbox 1404 913 1536 970; x_wconf 90' lang='lat' dir='ltr'><strong>paulo</strong></span> <span class='ocrx_word' id='word_1_65' title='bbox 1569 912 1830 955; x_wconf 86' lang='lat' dir='ltr'><strong>insolentius</strong></span> 
     </span>
     <span class='ocr_line' id='line_1_10' title="bbox 373 990 1827 1050; baseline -0.004 -11"><span class='ocrx_word' id='word_1_66' title='bbox 373 999 426 1039; x_wconf 88' lang='lat' dir='ltr'><strong>de</strong></span> <span class='ocrx_word' id='word_1_67' title='bbox 459 996 663 1038; x_wconf 49' lang='lat' dir='ltr'><strong>andacia&lt;</strong></span> <span class='ocrx_word' id='word_1_68' title='bbox 693 994 851 1050; x_wconf 87' lang='lat' dir='ltr'><strong>positi,</strong></span> <span class='ocrx_word' id='word_1_69' title='bbox 895 992 1024 1048; x_wconf 88' lang='lat' dir='ltr'><strong>plane</strong></span> <span class='ocrx_word' id='word_1_70' title='bbox 1067 990 1347 1033; x_wconf 89' lang='lat' dir='ltr'><strong>confirmatur</strong></span> <span class='ocrx_word' id='word_1_71' title='bbox 1392 1006 1470 1042; x_wconf 87' lang='lat' dir='ltr'><strong>eo,</strong></span> <span class='ocrx_word' id='word_1_72' title='bbox 1516 993 1630 1048; x_wconf 90' lang='lat' dir='ltr'><strong>quod</strong></span> <span class='ocrx_word' id='word_1_73' title='bbox 1660 994 1706 1033; x_wconf 92' lang='lat' dir='ltr'><strong>in</strong></span> <span class='ocrx_word' id='word_1_74' title='bbox 1739 1005 1827 1033; x_wconf 91' lang='lat' dir='ltr'><strong>uno</strong></span> 
     </span>
     <span class='ocr_line' id='line_1_11' title="bbox 374 1069 1830 1123; baseline -0.005 -6"><span class='ocrx_word' id='word_1_75' title='bbox 374 1076 466 1118; x_wconf 88' lang='lat' dir='ltr'><strong>eod.</strong></span> <span class='ocrx_word' id='word_1_76' title='bbox 498 1074 674 1123; x_wconf 76' lang='lat' dir='ltr'><strong>Oxom,</strong></span> <span class='ocrx_word' id='word_1_77' title='bbox 715 1071 889 1112; x_wconf 85' lang='lat' dir='ltr'><strong>omissis</strong></span> <span class='ocrx_word' id='word_1_78' title='bbox 923 1069 1149 1112; x_wconf 89' lang='lat' dir='ltr'><strong>vocabulis</strong></span> <span class='ocrx_word' id='word_1_79' title='bbox 1183 1084 1236 1111; x_wconf 86' lang='lat' dir='ltr'><strong>ac</strong></span> <span class='ocrx_word' id='word_1_80' title='bbox 1269 1070 1369 1119; x_wconf 64' lang='lat' dir='ltr'><strong>lob,</strong></span> <span class='ocrx_word' id='word_1_81' title='bbox 1401 1069 1604 1111; x_wconf 83' lang='lat' dir='ltr'><strong>scribitur</strong></span> <span class='ocrx_word' id='word_1_82' title='bbox 1632 1069 1830 1111; x_wconf 69' lang='lat' dir='ltr'><strong>lc-mncmoe</strong></span> 
     </span>
     <span class='ocr_line' id='line_1_12' title="bbox 374 1147 1828 1206; baseline -0.004 -11"><span class='ocrx_word' id='word_1_83' title='bbox 374 1154 574 1196; x_wconf 74' lang='lat' dir='ltr'><strong>‹endeccioe</strong></span> <span class='ocrx_word' id='word_1_84' title='bbox 602 1149 893 1206; x_wconf 66' lang='lat' dir='ltr'><strong>perferendoe.</strong></span> <span class='ocrx_word' id='word_1_85' title='bbox 957 1148 1164 1190; x_wconf 89' lang='lat' dir='ltr'><strong>Eiusdem</strong></span> <span class='ocrx_word' id='word_1_86' title='bbox 1197 1149 1373 1203; x_wconf 87' lang='lat' dir='ltr'><strong>generis</strong></span> <span class='ocrx_word' id='word_1_87' title='bbox 1402 1148 1720 1199; x_wconf 86' lang='lat' dir='ltr'><strong>emendatione,</strong></span> <span class='ocrx_word' id='word_1_88' title='bbox 1750 1147 1828 1189; x_wconf 85' lang='lat' dir='ltr'><strong>sed</strong></span> 
     </span>
     <span class='ocr_line' id='line_1_13' title="bbox 373 1226 1829 1284; baseline -0.005 -11"><span class='ocrx_word' id='word_1_89' title='bbox 373 1231 511 1274; x_wconf 91' lang='lat' dir='ltr'><strong>multo</strong></span> <span class='ocrx_word' id='word_1_90' title='bbox 554 1230 822 1284; x_wconf 85' lang='lat' dir='ltr'><strong>insigniore,</strong></span> <span class='ocrx_word' id='word_1_91' title='bbox 866 1226 1074 1267; x_wconf 91' lang='lat' dir='ltr'><strong>utendum</strong></span> <span class='ocrx_word' id='word_1_92' title='bbox 1116 1227 1270 1280; x_wconf 85' lang='lat' dir='ltr'><strong>putavi</strong></span> <span class='ocrx_word' id='word_1_93' title='bbox 1310 1227 1356 1266; x_wconf 92' lang='lat' dir='ltr'><strong>in</strong></span> <span class='ocrx_word' id='word_1_94' title='bbox 1396 1228 1594 1267; x_wconf 87' lang='lat' dir='ltr'><strong>oratione</strong></span> <span class='ocrx_word' id='word_1_95' title='bbox 1623 1227 1754 1266; x_wconf 83' lang='lat' dir='ltr'><strong>tertia</strong></span> <span class='ocrx_word' id='word_1_96' title='bbox 1783 1226 1829 1266; x_wconf 92' lang='lat' dir='ltr'><strong>in</strong></span> 
     </span>
     <span class='ocr_line' id='line_1_14' title="bbox 375 1302 1828 1359; baseline -0.006 -8"><span class='ocrx_word' id='word_1_97' title='bbox 375 1309 611 1351; x_wconf 85' lang='lat' dir='ltr'><strong>Catilinam</strong></span> <span class='ocrx_word' id='word_1_98' title='bbox 645 1321 680 1347; x_wconf 90' lang='lat' dir='ltr'><strong>c.</strong></span> <span class='ocrx_word' id='word_1_99' title='bbox 716 1307 784 1356; x_wconf 88' lang='lat'><strong>10,</strong></span> <span class='ocrx_word' id='word_1_100' title='bbox 815 1305 886 1355; x_wconf 85' lang='lat'><strong>25,</strong></span> <span class='ocrx_word' id='word_1_101' title='bbox 916 1318 1000 1359; x_wconf 91' lang='lat' dir='ltr'><strong>quo</strong></span> <span class='ocrx_word' id='word_1_102' title='bbox 1029 1303 1129 1345; x_wconf 88' lang='lat' dir='ltr'><strong>loco</strong></span> <span class='ocrx_word' id='word_1_103' title='bbox 1162 1302 1332 1353; x_wconf 83' lang='lat' dir='ltr'><strong>Cicero,</strong></span> <span class='ocrx_word' id='word_1_104' title='bbox 1366 1312 1414 1344; x_wconf 92' lang='lat' dir='ltr'><strong>ut</strong></span> <span class='ocrx_word' id='word_1_105' title='bbox 1443 1303 1668 1352; x_wconf 89' lang='lat' dir='ltr'><strong>ostendat,</strong></span> <span class='ocrx_word' id='word_1_106' title='bbox 1699 1315 1828 1358; x_wconf 84' lang='lat' dir='ltr'><strong>quam</strong></span> 
     </span>
     <span class='ocr_line' id='line_1_15' title="bbox 371 1379 1830 1444; baseline -0.005 -15"><span class='ocrx_word' id='word_1_107' title='bbox 371 1386 582 1444; x_wconf 64' lang='lat' dir='ltr'><strong>praeclara</strong></span> <span class='ocrx_word' id='word_1_108' title='bbox 621 1386 733 1435; x_wconf 89' lang='lat' dir='ltr'><strong>sint,</strong></span> <span class='ocrx_word' id='word_1_109' title='bbox 794 1395 888 1438; x_wconf 86' lang='lat' dir='ltr'><strong>quae</strong></span> <span class='ocrx_word' id='word_1_110' title='bbox 929 1383 1141 1437; x_wconf 84' lang='lat' dir='ltr'><strong>gesserit,</strong></span> <span class='ocrx_word' id='word_1_111' title='bbox 1192 1381 1411 1422; x_wconf 88' lang='lat' dir='ltr'><strong>recordari</strong></span> <span class='ocrx_word' id='word_1_112' title='bbox 1456 1380 1669 1437; x_wconf 89' lang='lat' dir='ltr'><strong>populum</strong></span> <span class='ocrx_word' id='word_1_113' title='bbox 1706 1379 1830 1421; x_wconf 85' lang='lat' dir='ltr'><strong>iubet</strong></span> 
     </span>
     <span class='ocr_line' id='line_1_16' title="bbox 372 1459 1830 1521; baseline -0.005 -14"><span class='ocrx_word' id='word_1_114' title='bbox 372 1467 646 1521; x_wconf 81' lang='lat' dir='ltr'><strong>superiorum</strong></span> <span class='ocrx_word' id='word_1_115' title='bbox 686 1462 1007 1503; x_wconf 82' lang='lat' dir='ltr'><strong>dissensionum</strong></span> <span class='ocrx_word' id='word_1_116' title='bbox 1052 1459 1272 1511; x_wconf 75' lang='lat' dir='ltr'><strong>civilium3</strong></span> <span class='ocrx_word' id='word_1_117' title='bbox 1323 1475 1504 1515; x_wconf 88' lang='lat' dir='ltr'><strong>quarum</strong></span> <span class='ocrx_word' id='word_1_118' title='bbox 1551 1462 1678 1501; x_wconf 77' lang='lat' dir='ltr'><strong>exitu</strong></span> <span class='ocrx_word' id='word_1_119' title='bbox 1715 1473 1830 1501; x_wconf 90' lang='lat' dir='ltr'><strong>com-</strong></span> 
     </span>
     <span class='ocr_line' id='line_1_17' title="bbox 373 1536 1829 1593; baseline -0.006 -6"><span class='ocrx_word' id='word_1_120' title='bbox 373 1550 613 1587; x_wconf 83' lang='lat' dir='ltr'><strong>memorato</strong></span> <span class='ocrx_word' id='word_1_121' title='bbox 647 1540 788 1590; x_wconf 83' lang='lat' dir='ltr'><strong>addit,</strong></span> <span class='ocrx_word' id='word_1_122' title='bbox 819 1546 868 1578; x_wconf 89' lang='lat' dir='ltr'><strong>ut</strong></span> <span class='ocrx_word' id='word_1_123' title='bbox 897 1537 1068 1593; x_wconf 86' lang='lat' dir='ltr'><strong>quidem</strong></span> <span class='ocrx_word' id='word_1_124' title='bbox 1100 1536 1236 1592; x_wconf 73' lang='lat' dir='ltr'><strong>vulgo</strong></span> <span class='ocrx_word' id='word_1_125' title='bbox 1270 1537 1340 1578; x_wconf 91' lang='lat' dir='ltr'><strong>hic</strong></span> <span class='ocrx_word' id='word_1_126' title='bbox 1375 1537 1499 1578; x_wconf 89' lang='lat' dir='ltr'><strong>locus</strong></span> <span class='ocrx_word' id='word_1_127' title='bbox 1532 1537 1829 1578; x_wconf 84' lang='lat' dir='ltr'><strong>scribebatur:</strong></span> 
     </span>
     <span class='ocr_line' id='line_1_18' title="bbox 374 1613 1830 1677; baseline -0.006 -12"><span class='ocrx_word' id='word_1_128' title='bbox 374 1624 521 1677; x_wconf 72' lang='lat' dir='ltr'><strong>Atque</strong></span> <span class='ocrx_word' id='word_1_129' title='bbox 552 1620 643 1661; x_wconf 71' lang='lat' dir='ltr'><strong>illae</strong></span> <span class='ocrx_word' id='word_1_130' title='bbox 674 1618 964 1659; x_wconf 77' lang='lat' dir='ltr'><strong>dissensiones</strong></span> <span class='ocrx_word' id='word_1_131' title='bbox 997 1621 1127 1656; x_wconf 78' lang='lat' dir='ltr'><strong>erant</strong></span> <span class='ocrx_word' id='word_1_132' title='bbox 1160 1614 1429 1666; x_wconf 74' lang='lat' dir='ltr'><strong>huiusmodi,</strong></span> <span class='ocrx_word' id='word_1_133' title='bbox 1479 1613 1697 1665; x_wconf 69' lang='lat' dir='ltr'><strong>Quirites,</strong></span> <span class='ocrx_word' id='word_1_134' title='bbox 1735 1627 1830 1670; x_wconf 80' lang='lat' dir='ltr'><strong>quae</strong></span> 
     </span>
     <span class='ocr_line' id='line_1_19' title="bbox 374 1692 1829 1748; baseline -0.007 -5"><span class='ocrx_word' id='word_1_135' title='bbox 374 1714 460 1743; x_wconf 78' lang='lat' dir='ltr'><strong>non</strong></span> <span class='ocrx_word' id='word_1_136' title='bbox 500 1698 560 1740; x_wconf 82' lang='lat' dir='ltr'><strong>ad</strong></span> <span class='ocrx_word' id='word_1_137' title='bbox 594 1696 844 1747; x_wconf 78' lang='lat' dir='ltr'><strong>delendam,</strong></span> <span class='ocrx_word' id='word_1_138' title='bbox 888 1694 967 1736; x_wconf 86' lang='lat' dir='ltr'><strong>sed</strong></span> <span class='ocrx_word' id='word_1_139' title='bbox 1007 1694 1068 1735; x_wconf 83' lang='lat' dir='ltr'><strong>ad</strong></span> <span class='ocrx_word' id='word_1_140' title='bbox 1105 1694 1443 1735; x_wconf 73' lang='lat' dir='ltr'><strong>commutandam</strong></span> <span class='ocrx_word' id='word_1_141' title='bbox 1480 1707 1569 1734; x_wconf 85' lang='lat' dir='ltr'><strong>rem</strong></span> <span class='ocrx_word' id='word_1_142' title='bbox 1604 1692 1829 1748; x_wconf 78' lang='lat' dir='ltr'><strong>publicam</strong></span> 
     </span>
     <span class='ocr_line' id='line_1_20' title="bbox 371 1758 1829 1835; baseline -0.005 -16"><span class='ocrx_word' id='word_1_143' title='bbox 371 1780 671 1835; x_wconf 79' lang='lat' dir='ltr'><strong>pertinerent:</strong></span> <span class='ocrx_word' id='word_1_144' title='bbox 713 1787 799 1816; x_wconf 85' lang='lat' dir='ltr'><strong>non</strong></span> <span class='ocrx_word' id='word_1_145' title='bbox 838 1758 925 1814; x_wconf 72' lang='lat' dir='ltr'><strong>illi&#39;</strong></span> <span class='ocrx_word' id='word_1_146' title='bbox 949 1773 1113 1814; x_wconf 80' lang='lat' dir='ltr'><strong>nullam</strong></span> <span class='ocrx_word' id='word_1_147' title='bbox 1152 1786 1244 1813; x_wconf 81' lang='lat' dir='ltr'><strong>esse</strong></span> <span class='ocrx_word' id='word_1_148' title='bbox 1273 1787 1360 1813; x_wconf 86' lang='lat' dir='ltr'><strong>rem</strong></span> <span class='ocrx_word' id='word_1_149' title='bbox 1387 1772 1632 1827; x_wconf 79' lang='lat' dir='ltr'><strong>publicam,</strong></span> <span class='ocrx_word' id='word_1_150' title='bbox 1674 1770 1754 1812; x_wconf 80' lang='lat' dir='ltr'><strong>sed</strong></span> <span class='ocrx_word' id='word_1_151' title='bbox 1781 1773 1829 1812; x_wconf 80' lang='lat' dir='ltr'><strong>in</strong></span> 
     </span>
     <span class='ocr_line' id='line_1_21' title="bbox 376 1849 1829 1911; baseline -0.006 -13"><span class='ocrx_word' id='word_1_152' title='bbox 376 1871 454 1908; x_wconf 77' lang='lat' dir='ltr'><strong>ecc,</strong></span> <span class='ocrx_word' id='word_1_153' title='bbox 484 1864 578 1911; x_wconf 76' lang='lat' dir='ltr'><strong>quoe</strong></span> <span class='ocrx_word' id='word_1_154' title='bbox 607 1860 744 1905; x_wconf 83' lang='lat' dir='ltr'><strong>esset,</strong></span> <span class='ocrx_word' id='word_1_155' title='bbox 776 1867 822 1894; x_wconf 84' lang='lat' dir='ltr'><strong>se</strong></span> <span class='ocrx_word' id='word_1_156' title='bbox 851 1866 942 1893; x_wconf 86' lang='lat' dir='ltr'><strong>esse</strong></span> <span class='ocrx_word' id='word_1_157' title='bbox 964 1855 1207 1906; x_wconf 72' lang='lat' dir='ltr'><strong>principes,</strong></span> <span class='ocrx_word' id='word_1_158' title='bbox 1239 1864 1375 1905; x_wconf 78' lang='lat' dir='ltr'><strong>neque</strong></span> <span class='ocrx_word' id='word_1_159' title='bbox 1406 1850 1520 1891; x_wconf 79' lang='lat' dir='ltr'><strong>hanc</strong></span> <span class='ocrx_word' id='word_1_160' title='bbox 1551 1849 1696 1891; x_wconf 83' lang='lat' dir='ltr'><strong>urbem</strong></span> <span class='ocrx_word' id='word_1_161' title='bbox 1729 1861 1829 1890; x_wconf 81' lang='lat' dir='ltr'><strong>con-</strong></span> 
     </span>
     <span class='ocr_line' id='line_1_22' title="bbox 361 1927 1830 1990; baseline -0.006 -14"><span class='ocrx_word' id='word_1_162' title='bbox 361 1936 593 1990; x_wconf 74' lang='lat' dir='ltr'><strong>flagrare,</strong></span> <span class='ocrx_word' id='word_1_163' title='bbox 638 1932 716 1973; x_wconf 86' lang='lat' dir='ltr'><strong>sed</strong></span> <span class='ocrx_word' id='word_1_164' title='bbox 745 1945 791 1972; x_wconf 87' lang='lat' dir='ltr'><strong>se</strong></span> <span class='ocrx_word' id='word_1_165' title='bbox 832 1933 879 1971; x_wconf 73' lang='lat' dir='ltr'><strong>in</strong></span> <span class='ocrx_word' id='word_1_166' title='bbox 921 1929 1004 1970; x_wconf 75' lang='lat' dir='ltr'><strong>hac</strong></span> <span class='ocrx_word' id='word_1_167' title='bbox 1042 1929 1148 1971; x_wconf 66' lang='lat' dir='ltr'><strong>‘urbe</strong></span> <span class='ocrx_word' id='word_1_168' title='bbox 1177 1929 1348 1983; x_wconf 84' lang='lat' dir='ltr'><strong>florere</strong></span> <span class='ocrx_word' id='word_1_169' title='bbox 1377 1930 1620 1971; x_wconf 77' lang='lat' dir='ltr'><strong>voluerunt.</strong></span> <span class='ocrx_word' id='word_1_170' title='bbox 1683 1927 1830 1982; x_wconf 75' lang='lat' dir='ltr'><strong>Atque</strong></span> 
     </span>
     <span class='ocr_line' id='line_1_23' title="bbox 376 2008 1835 2062; baseline -0.007 -7"><span class='ocrx_word' id='word_1_171' title='bbox 376 2015 468 2055; x_wconf 70' lang='lat' dir='ltr'><strong>illae</strong></span> <span class='ocrx_word' id='word_1_172' title='bbox 496 2020 641 2054; x_wconf 76' lang='lat' dir='ltr'><strong>tamen</strong></span> <span class='ocrx_word' id='word_1_173' title='bbox 675 2022 817 2050; x_wconf 87' lang='lat' dir='ltr'><strong>omnes</strong></span> <span class='ocrx_word' id='word_1_174' title='bbox 844 2009 1157 2058; x_wconf 69' lang='lat' dir='ltr'><strong>dissensiones,</strong></span> <span class='ocrx_word' id='word_1_175' title='bbox 1192 2021 1369 2062; x_wconf 77' lang='lat' dir='ltr'><strong>quarum</strong></span> <span class='ocrx_word' id='word_1_176' title='bbox 1397 2008 1520 2048; x_wconf 76' lang='lat' dir='ltr'><em>nulla</em></span> <span class='ocrx_word' id='word_1_177' title='bbox 1553 2009 1736 2047; x_wconf 75' lang='lat' dir='ltr'><strong>exitium</strong></span> <span class='ocrx_word' id='word_1_178' title='bbox 1764 2008 1835 2046; x_wconf 85' lang='lat' dir='ltr'><strong>rei</strong></span> 
     </span>
     <span class='ocr_line' id='line_1_24' title="bbox 372 2084 1827 2148; baseline -0.007 -14"><span class='ocrx_word' id='word_1_179' title='bbox 372 2092 560 2148; x_wconf 67' lang='lat' dir='ltr'><strong>publicae</strong></span> <span class='ocrx_word' id='word_1_180' title='bbox 606 2091 832 2145; x_wconf 76' lang='lat' dir='ltr'><strong>quoesiuit,</strong></span> <span class='ocrx_word' id='word_1_181' title='bbox 879 2086 1092 2128; x_wconf 74' lang='lat' dir='ltr'><strong>eiusmodi</strong></span> <span class='ocrx_word' id='word_1_182' title='bbox 1117 2084 1333 2137; x_wconf 76' lang='lat' dir='ltr'><strong>fuerunt,</strong></span> <span class='ocrx_word' id='word_1_183' title='bbox 1374 2091 1422 2127; x_wconf 77' lang='lat' dir='ltr'><strong>nt</strong></span> <span class='ocrx_word' id='word_1_184' title='bbox 1454 2099 1539 2126; x_wconf 79' lang='lat' dir='ltr'><strong>non</strong></span> <span class='ocrx_word' id='word_1_185' title='bbox 1567 2084 1827 2126; x_wconf 77' lang='lat' dir='ltr'><strong>reconcilia-</strong></span> 
     </span>
     <span class='ocr_line' id='line_1_25' title="bbox 375 2163 1830 2218; baseline -0.006 -7"><span class='ocrx_word' id='word_1_186' title='bbox 375 2174 494 2211; x_wconf 75' lang='lat' dir='ltr'><strong>tione</strong></span> <span class='ocrx_word' id='word_1_187' title='bbox 527 2168 791 2218; x_wconf 79' lang='lat' dir='ltr'><strong>concordioe‚</strong></span> <span class='ocrx_word' id='word_1_188' title='bbox 824 2165 901 2207; x_wconf 84' lang='lat' dir='ltr'><strong>sed</strong></span> <span class='ocrx_word' id='word_1_189' title='bbox 929 2168 1226 2207; x_wconf 72' lang='lat' dir='ltr'><strong>internecione</strong></span> <span class='ocrx_word' id='word_1_190' title='bbox 1256 2167 1413 2205; x_wconf 75' lang='lat' dir='ltr'><strong>civium</strong></span> <span class='ocrx_word' id='word_1_191' title='bbox 1448 2163 1704 2206; x_wconf 79' lang='lat' dir='ltr'><strong>diiudicatoe</strong></span> <span class='ocrx_word' id='word_1_192' title='bbox 1729 2166 1830 2204; x_wconf 79' lang='lat' dir='ltr'><strong>sint.</strong></span> 
     </span>
     <span class='ocr_line' id='line_1_26' title="bbox 378 2241 1830 2300; baseline -0.006 -11"><span class='ocrx_word' id='word_1_193' title='bbox 378 2246 586 2289; x_wconf 88' lang='lat' dir='ltr'><strong>Codicum</strong></span> <span class='ocrx_word' id='word_1_194' title='bbox 639 2245 810 2300; x_wconf 90' lang='lat' dir='ltr'><strong>quidem</strong></span> <span class='ocrx_word' id='word_1_195' title='bbox 867 2241 989 2284; x_wconf 89' lang='lat' dir='ltr'><strong>nulla</strong></span> <span class='ocrx_word' id='word_1_196' title='bbox 1039 2251 1104 2284; x_wconf 88' lang='lat' dir='ltr'><strong>est</strong></span> <span class='ocrx_word' id='word_1_197' title='bbox 1150 2242 1447 2284; x_wconf 83' lang='lat' dir='ltr'><strong>memorabilis</strong></span> <span class='ocrx_word' id='word_1_198' title='bbox 1484 2244 1700 2292; x_wconf 87' lang='lat' dir='ltr'><strong>varietas,</strong></span> <span class='ocrx_word' id='word_1_199' title='bbox 1745 2241 1830 2281; x_wconf 82' lang='lat' dir='ltr'><strong>nisi</strong></span> 
     </span>
     <span class='ocr_line' id='line_1_27' title="bbox 379 2318 1828 2382; baseline -0.006 -16"><span class='ocrx_word' id='word_1_200' title='bbox 379 2325 490 2382; x_wconf 90' lang='lat' dir='ltr'><strong>quod</strong></span> <span class='ocrx_word' id='word_1_201' title='bbox 526 2326 570 2364; x_wconf 91' lang='lat' dir='ltr'><strong>in</strong></span> <span class='ocrx_word' id='word_1_202' title='bbox 609 2321 775 2377; x_wconf 82' lang='lat' dir='ltr'><strong>aliquot</strong></span> <span class='ocrx_word' id='word_1_203' title='bbox 816 2320 1035 2361; x_wconf 88' lang='lat' dir='ltr'><strong>codicibus</strong></span> <span class='ocrx_word' id='word_1_204' title='bbox 1071 2321 1200 2360; x_wconf 79' lang='lat' dir='ltr'><strong>etiam</strong></span> <span class='ocrx_word' id='word_1_205' title='bbox 1233 2321 1277 2360; x_wconf 93' lang='lat' dir='ltr'><strong>in</strong></span> <span class='ocrx_word' id='word_1_206' title='bbox 1311 2321 1471 2373; x_wconf 86' lang='lat' dir='ltr'><strong>prioris</strong></span> <span class='ocrx_word' id='word_1_207' title='bbox 1500 2318 1670 2374; x_wconf 88' lang='lat' dir='ltr'><strong>periodi</strong></span> <span class='ocrx_word' id='word_1_208' title='bbox 1701 2319 1828 2358; x_wconf 90' lang='lat' dir='ltr'><strong>initio</strong></span> 
     </span>
     <span class='ocr_line' id='line_1_28' title="bbox 378 2397 1830 2459; baseline -0.006 -14"><span class='ocrx_word' id='word_1_209' title='bbox 378 2403 564 2459; x_wconf 81' lang='lat' dir='ltr'><strong>legitur:</strong></span> <span class='ocrx_word' id='word_1_210' title='bbox 599 2401 745 2455; x_wconf 76' lang='lat' dir='ltr'><strong>Atque</strong></span> <span class='ocrx_word' id='word_1_211' title='bbox 775 2400 865 2440; x_wconf 70' lang='lat' dir='ltr'><strong>illae</strong></span> <span class='ocrx_word' id='word_1_212' title='bbox 892 2404 1035 2439; x_wconf 79' lang='lat' dir='ltr'><strong>tamen</strong></span> <span class='ocrx_word' id='word_1_213' title='bbox 1067 2410 1222 2438; x_wconf 83' lang='lat' dir='ltr'><strong>omnes.</strong></span> <span class='ocrx_word' id='word_1_214' title='bbox 1291 2397 1375 2439; x_wconf 87' lang='lat' dir='ltr'><strong>Sed</strong></span> <span class='ocrx_word' id='word_1_215' title='bbox 1404 2398 1569 2452; x_wconf 88' lang='lat' dir='ltr'><strong>primus</strong></span> <span class='ocrx_word' id='word_1_216' title='bbox 1602 2397 1830 2439; x_wconf 87' lang='lat' dir='ltr'><strong>Ernestius</strong></span> 
     </span>
     <span class='ocr_line' id='line_1_29' title="bbox 379 2474 1828 2539; baseline -0.006 -15"><span class='ocrx_word' id='word_1_217' title='bbox 379 2489 528 2539; x_wconf 86' lang='lat' dir='ltr'><strong>aperta</strong></span> <span class='ocrx_word' id='word_1_218' title='bbox 552 2478 836 2521; x_wconf 84' lang='lat' dir='ltr'><strong>redundantia</strong></span> <span class='ocrx_word' id='word_1_219' title='bbox 860 2485 901 2517; x_wconf 91' lang='lat' dir='ltr'><strong>et</strong></span> <span class='ocrx_word' id='word_1_220' title='bbox 926 2476 1160 2517; x_wconf 81' lang='lat' dir='ltr'><strong>eorundem</strong></span> <span class='ocrx_word' id='word_1_221' title='bbox 1183 2474 1431 2526; x_wconf 83' lang='lat' dir='ltr'><strong>verborum,</strong></span> <span class='ocrx_word' id='word_1_222' title='bbox 1463 2475 1657 2518; x_wconf 86' lang='lat' dir='ltr'><strong>eiusdem</strong></span> <span class='ocrx_word' id='word_1_223' title='bbox 1679 2475 1828 2517; x_wconf 82' lang='lat' dir='ltr'><strong>formae</strong></span> 
     </span>
     <span class='ocr_line' id='line_1_30' title="bbox 379 2552 1828 2613; baseline -0.005 -11"><span class='ocrx_word' id='word_1_224' title='bbox 379 2559 604 2602; x_wconf 86' lang='lat' dir='ltr'><strong>sententiae</strong></span> <span class='ocrx_word' id='word_1_225' title='bbox 634 2557 892 2613; x_wconf 81' lang='lat' dir='ltr'><strong>repetitione</strong></span> <span class='ocrx_word' id='word_1_226' title='bbox 926 2555 1120 2595; x_wconf 78' lang='lat' dir='ltr'><strong>offensus</strong></span> <span class='ocrx_word' id='word_1_227' title='bbox 1152 2568 1281 2594; x_wconf 87' lang='lat' dir='ltr'><strong>unam</strong></span> <span class='ocrx_word' id='word_1_228' title='bbox 1316 2568 1375 2594; x_wconf 85' lang='lat' dir='ltr'><strong>ex</strong></span> <span class='ocrx_word' id='word_1_229' title='bbox 1406 2552 1574 2595; x_wconf 88' lang='lat' dir='ltr'><strong>duabus</strong></span> <span class='ocrx_word' id='word_1_230' title='bbox 1603 2554 1828 2610; x_wconf 87' lang='lat' dir='ltr'><strong>periodum</strong></span> 
     </span>
     <span class='ocr_line' id='line_1_31' title="bbox 379 2630 1830 2685; baseline -0.006 -5"><span class='ocrx_word' id='word_1_231' title='bbox 379 2636 550 2680; x_wconf 88' lang='lat' dir='ltr'><strong>efficere</strong></span> <span class='ocrx_word' id='word_1_232' title='bbox 584 2643 786 2685; x_wconf 83' lang='lat' dir='ltr'><strong>conatus,</strong></span> <span class='ocrx_word' id='word_1_233' title='bbox 828 2635 889 2674; x_wconf 82' lang='lat' dir='ltr'><strong>ita</strong></span> <span class='ocrx_word' id='word_1_234' title='bbox 917 2641 987 2683; x_wconf 86' lang='lat' dir='ltr'><strong>ut,</strong></span> <span class='ocrx_word' id='word_1_235' title='bbox 1032 2632 1188 2674; x_wconf 88' lang='lat' dir='ltr'><strong>deletis</strong></span> <span class='ocrx_word' id='word_1_236' title='bbox 1232 2630 1379 2673; x_wconf 86' lang='lat' dir='ltr'><strong>verbis</strong></span> <span class='ocrx_word' id='word_1_237' title='bbox 1413 2638 1543 2674; x_wconf 78' lang='lat' dir='ltr'><strong>erant</strong></span> <span class='ocrx_word' id='word_1_238' title='bbox 1570 2631 1830 2684; x_wconf 69' lang='lat' dir='ltr'><strong>huiusmodi,</strong></span> 
     </span>
     <span class='ocr_line' id='line_1_32' title="bbox 378 2709 1825 2766; baseline -0.005 -8"><span class='ocrx_word' id='word_1_239' title='bbox 378 2715 470 2758; x_wconf 88' lang='lat' dir='ltr'><strong>illis</strong></span> <span class='ocrx_word' id='word_1_240' title='bbox 501 2722 646 2757; x_wconf 89' lang='lat' dir='ltr'><strong>autem</strong></span> <span class='ocrx_word' id='word_1_241' title='bbox 678 2726 763 2755; x_wconf 83' lang='lat' dir='ltr'><strong>non</strong></span> <span class='ocrx_word' id='word_1_242' title='bbox 796 2713 868 2754; x_wconf 79' lang='lat' dir='ltr'><strong>illi</strong></span> <span class='ocrx_word' id='word_1_243' title='bbox 896 2712 1058 2753; x_wconf 77' lang='lat' dir='ltr'><strong>unllam</strong></span> <span class='ocrx_word' id='word_1_244' title='bbox 1090 2734 1143 2744; x_wconf 93' lang='lat'>—</span> <span class='ocrx_word' id='word_1_245' title='bbox 1177 2711 1409 2753; x_wconf 78' lang='lat' dir='ltr'><strong>voluerunt</strong></span> <span class='ocrx_word' id='word_1_246' title='bbox 1442 2725 1518 2766; x_wconf 88' lang='lat' dir='ltr'><strong>per</strong></span> <span class='ocrx_word' id='word_1_247' title='bbox 1547 2709 1825 2766; x_wconf 87' lang='lat' dir='ltr'><strong>parenthesin</strong></span> 
     </span>
    </p>
   </div>
   <div class='ocr_carea' id='block_1_3' title="bbox 404 2871 1822 2927">
    <p class='ocr_par' dir='ltr' id='par_1_3' title="bbox 404 2871 1822 2927">
     <span class='ocr_line' id='line_1_33' title="bbox 404 2871 1822 2927; baseline -0.005 -8"><span class='ocrx_word' id='word_1_248' title='bbox 404 2884 441 2927; x_wconf 84' lang='lat'><strong>¹)</strong></span> <span class='ocrx_word' id='word_1_249' title='bbox 468 2883 651 2919; x_wconf 74' lang='lat' dir='ltr'><strong>Viderunt</strong></span> <span class='ocrx_word' id='word_1_250' title='bbox 675 2883 752 2918; x_wconf 79' lang='lat' dir='ltr'><strong>haec</strong></span> <span class='ocrx_word' id='word_1_251' title='bbox 778 2880 1012 2917; x_wconf 83' lang='lat' dir='ltr'><strong>incommoda</strong></span> <span class='ocrx_word' id='word_1_252' title='bbox 1040 2879 1203 2918; x_wconf 75' lang='lat' dir='ltr'><strong>maxima</strong></span> <span class='ocrx_word' id='word_1_253' title='bbox 1225 2891 1266 2916; x_wconf 85' lang='lat' dir='ltr'><strong>ex</strong></span> <span class='ocrx_word' id='word_1_254' title='bbox 1283 2882 1389 2926; x_wconf 80' lang='lat' dir='ltr'><strong>parte</strong></span> <span class='ocrx_word' id='word_1_255' title='bbox 1403 2877 1564 2916; x_wconf 74' lang='lat' dir='ltr'><strong>Bcckitis</strong></span> <span class='ocrx_word' id='word_1_256' title='bbox 1581 2880 1616 2915; x_wconf 79' lang='lat' dir='ltr'><strong>et</strong></span> <span class='ocrx_word' id='word_1_257' title='bbox 1630 2871 1822 2914; x_wconf 73' lang='lat' dir='ltr'><strong>Blochiuu.</strong></span> 
     </span>
    </p>
   </div>
  </div>
 </body>
</html>
