1981 3390
412 241 513 290 462

346 359 606 402 Lambinum
649 360 693 401 in
736 367 897 402 rectam
940 361 1056 402 viam
1087 362 1329 417 ingressum
1369 361 1478 403 illud
1520 365 1599 403 um·
1628 376 1654 404 a
1684 376 1787 404 vera

345 437 559 479 sententia
588 437 887 493 perspicienda
916 439 1088 478 avertit.

465 513 515 555 C.
551 516 632 564 21,
672 515 728 554 47
745 515 785 566 ¹)
827 514 967 554 editur
1005 513 1059 555 ab
1100 513 1322 557 omnibus:
1375 513 1456 556 Sin
1500 518 1610 556 victi
1649 520 1793 556 essent

346 591 471 642 boni,
502 590 608 644 quid
632 592 902 643 superesset?
952 590 1063 643 quod
1095 590 1289 631 ofellius
1325 593 1653 645 interpretatur:
1686 592 1792 646 quid

344 669 535 708 ultimum
559 673 688 720 atque
709 672 945 706 extremum
959 665 1131 715 fecisset
1145 666 1331 720 publicae
1347 669 1642 709 calamitatis?
1701 669 1788 710 sed

346 757 485 799 neque
518 743 560 783 id
590 741 828 796 significari
855 751 998 794 potest
1024 741 1102 782 illo
1133 742 1293 793 verbo,
1326 744 1553 798 (superest,
1587 745 1699 799 quod
1729 759 1788 785 ex

343 821 521 861 interitu
559 828 862 860 conservatum
902 817 1000 873 est‚)
1034 833 1113 860 nec
1143 818 1222 859 illa
1251 820 1537 875 interrogatio
1577 828 1677 875 apta
1709 828 1790 870 est,

346 910 476 952 quum
510 896 591 937 hoc
623 896 707 936 dici
732 894 915 946 debeat,
952 897 990 935 si
1024 895 1102 936 illo
1140 897 1373 937 certamine
1414 898 1518 937 victi
1549 895 1652 937 boni
1680 897 1789 937 fuis-

342 981 462 1023 sent,
492 980 632 1012 actum
664 973 716 1012 de
742 986 834 1027 rep.
863 973 1014 1012 fuisse.
1076 972 1226 1027 Itaque
1257 973 1440 1023 additur,
1476 972 1787 1026 rempublicam

345 1048 399 1089 ad
429 1059 580 1089 servos
609 1057 835 1089 venturam
867 1049 1018 1088 fuisse.
1083 1049 1167 1090 Sed
1198 1049 1278 1090 hoc
1311 1051 1450 1104 ipsum
1484 1049 1695 1100 ostendit,
1736 1049 1790 1090 de

345 1124 593 1166 hominibus
632 1127 822 1180 positum
870 1124 1032 1179 aliquid
1076 1125 1236 1175 fuisse,
1287 1139 1371 1165 non
1412 1135 1564 1166 neutro
1607 1138 1789 1181 genere:

346 1202 452 1258 quid
478 1204 750 1256 superesset?
799 1202 1055 1243 Rectissime
1086 1203 1218 1257 igitur
1247 1200 1486 1242 Lambinus
1516 1204 1560 1241 in
1594 1203 1790 1255 margine

346 1280 550 1320 editionis
582 1278 805 1319 secundae:
846 1282 923 1332 qui
959 1280 1260 1332 superessent?
1307 1287 1350 1318 et
1381 1279 1443 1319 sic
1476 1286 1542 1318 est
1573 1279 1618 1318 in
1649 1277 1790 1319 Paris.

346 1355 528 1410 (Naug.)
555 1363 597 1395 et
625 1353 934 1395 Beruensibus.
995 1354 1180 1406 Deinde,
1209 1363 1256 1395 ut
1284 1356 1369 1395 iam
1400 1353 1661 1410 significavi,
1693 1367 1790 1395 cum

355 1432 416 1472 W
414 1432 575 1473 undero
604 1433 850 1472 necessario
875 1430 1148 1472 scribendum
1181 1440 1269 1472 est:
1301 1445 1386 1472 non
1415 1432 1475 1473 ad
1501 1445 1646 1472 servos
1672 1431 1792 1472 vide-

343 1513 400 1549 tis
431 1508 731 1562 rempublicam
767 1514 991 1548 venturam
1009 1507 1192 1557 fnisse?
1233 1523 1310 1563 pro
1345 1522 1424 1559 eo,
1455 1509 1567 1564 quod
1595 1508 1789 1549 Orellius

344 1585 491 1634 edidit,
525 1599 635 1632 rem3
669 1593 711 1625 et
739 1584 870 1624 habet
898 1583 1200 1638 rempublicam
1228 1593 1384 1639 praeter
1416 1584 1620 1640 vulgatos
1652 1585 1789 1635 codd.‚

343 1662 386 1702 id
421 1670 510 1711 est,
552 1663 721 1702 tertiam
753 1660 988 1710 familiam,
1033 1663 1161 1701 etiam
1194 1661 1466 1702 parisiensis.
1542 1661 1630 1701 Res
1670 1665 1794 1702 venit

343 1739 472 1778 nimis
500 1746 564 1778 est
595 1737 883 1778 indefinitum.
940 1736 1110 1778 Deinde
1144 1752 1228 1778 non
1258 1746 1375 1778 recte
1407 1736 1602 1778 Orellius
1635 1752 1658 1777 e
1689 1751 1790 1778 con-

342 1816 508 1855 iectura
541 1815 696 1855 edidit:
727 1815 794 1855 At
819 1813 926 1854 milti
950 1818 1039 1868 ipsi
1047 1843 1058 1864 ,
1089 1820 1137 1855 ut
1164 1813 1335 1868 quidam
1352 1819 1526 1868 putant,
1544 1812 1649 1862 fuit
1677 1828 1788 1855 mors

345 1905 459 1946 oequo
504 1894 645 1931 animo
680 1891 945 1945 oppetenda,
984 1905 1063 1945 pro
1097 1905 1174 1942 eo,
1221 1890 1335 1945 quod
1375 1899 1441 1931 est
1471 1892 1515 1931 in
1546 1890 1789 1933 codicibus:

342 1969 418 2009 An
441 1991 497 1999 —
525 1968 796 2021 oppetenda?
861 1967 1023 2016 Quidni
1053 1969 1168 2008 enim
1201 1966 1380 2018 Cicero,
1419 1968 1530 2022 quod
1562 1967 1692 2009 obiici
1723 1971 1788 2010 vi-

344 2045 458 2096 deat,
486 2059 563 2100 per
579 2046 965 2100 interrogationem
988 2044 1213 2086 adnectat&
1244 2045 1338 2095 (Au
1351 2044 1552 2093 fortasse
1578 2047 1790 2087 recentio-

341 2136 410 2162 res
439 2121 663 2173 dicerent.)
736 2121 997 2162 Huiusmodi
1027 2130 1171 2162 autem
1201 2122 1533 2175 interrogationi
1562 2121 1692 2163 aliam
1722 2125 1789 2164 in-

341 2200 677 2253 terrogationem
720 2199 937 2240 refutandi
978 2213 1107 2240 causa
1146 2198 1302 2239 subiici
1341 2200 1679 2254 frequentissimi
1722 2208 1788 2241 est

341 2288 460 2314 usus.
523 2273 707 2326 Contra,
740 2276 851 2330 quod
880 2291 957 2331 per
987 2282 1036 2317 at
1061 2284 1264 2331 tanquam
1297 2290 1447 2317 verum
1479 2276 1709 2326 inducitur,
1740 2286 1788 2317 ut

341 2350 495 2392 deinde
525 2351 766 2402 refutetur,
799 2354 840 2392 ei
873 2338 951 2392 nec
985 2361 1083 2406 apte
1116 2366 1194 2392 nec
1225 2354 1384 2392 usitate
1417 2353 1616 2393 adiicitur
1651 2353 1785 2394 illud:

340 2432 392 2468 ut
432 2426 604 2483 quidam
645 2432 816 2481 putant.
886 2427 1023 2468 Paulo
1066 2436 1163 2482 post
1217 2429 1345 2467 nimis
1393 2427 1550 2468 leviter
1592 2427 1786 2469 Orellius

339 2502 548 2555 Miilleri,
586 2503 668 2544 hoc
699 2502 796 2544 loco
826 2504 1020 2554 acutius,
1061 2518 1188 2558 quam
1222 2502 1356 2554 solet,
1388 2487 1609 2555 ridentis,
1642 2507 1785 2547 conie-

341 2589 505 2622 cturam
535 2579 712 2622 refellit.
784 2579 978 2621 Exilium
1012 2595 1074 2621 ex
1107 2581 1397 2622 Romanorum
1429 2596 1558 2622 sensu
1587 2583 1710 2634 peius
1743 2591 1786 2624 et

340 2656 640 2698 detestabilius
679 2665 815 2699 morte
848 2657 983 2698 fuisse
1014 2657 1130 2699 dicit.
1203 2657 1365 2702 Mirum
1399 2660 1558 2715 igitur,
1588 2674 1661 2701 cur
1690 2668 1782 2701 tan-

364 2823 401 2866 ²)
432 2824 503 2867 [De
528 2835 558 2860 c.
582 2800 649 2868 20,
675 2824 721 2862 4⁶
745 2823 817 2861 vid.
843 2833 956 2870 supra
981 2836 1017 2870 p.
1045 2823 1143 2868 378]
