1981 3390
430 215 496 260 lv

359 334 396 368 in
423 332 587 368 docendo
614 330 779 376 quotidie
800 331 1022 365 tractabam.
1072 329 1125 364 Hi
1147 328 1292 372 libelli,
1318 340 1431 375 quum
1457 327 1619 375 primum
1644 327 1806 364 edeban-

359 420 443 457 tur,
482 418 523 448 ut
547 414 612 455 fit,
648 413 686 446 in
712 424 918 458 paucorum
946 423 1078 447 manus
1112 424 1156 447 ex
1190 412 1235 446 iis
1259 416 1462 457 venerunt,
1498 422 1657 456 quorum
1683 410 1808 445 studia

361 497 615 542 attingebant,
652 506 713 529 me
748 506 794 528 ne
828 498 979 529 eatenus
1010 495 1159 540 quidem
1199 506 1330 529 eorum
1364 494 1626 540 propagationi
1661 493 1808 538 prospi-

361 581 492 621 ciente,
518 583 559 613 ut
582 578 710 612 titulos
737 578 872 611 saltem
897 577 1080 612 indicibus
1104 578 1356 612 nundinarum
1380 578 1634 612 literar-iarum
1661 588 1809 622 semper

360 662 577 696 inserendos
603 670 786 693 curarem.
841 659 948 692 Nunc
970 660 1047 693 haec
1067 659 1103 693 in
1116 671 1231 693 unum
1245 660 1375 705 colligi
1387 664 1422 694 et
1433 660 1604 705 pluribus
1619 662 1664 695 ad
1677 663 1807 707 legen-

361 745 450 778 dum
478 741 755 783 commendari,
791 740 956 785 placuit5
993 739 1045 774 sic
1071 740 1170 773 enim
1195 741 1330 774 melius
1363 742 1560 777 coniuncta
1584 755 1810 788 eognoscen-

360 831 433 860 tur.
493 827 536 859 In
570 830 730 868 utroque
768 822 985 868 disputandi
1023 833 1163 868 genere
1199 833 1282 855 eam
1319 833 1403 856 sum
1437 827 1585 857 secutus
1623 824 1811 868 quaerendi

360 908 568 949 rationem,
606 918 684 952 quae
713 910 816 940 certa
841 905 903 939 via
928 906 975 940 ad
999 918 1078 940 rem
1109 904 1375 939 conficiendam
1398 905 1577 951 progredi
1607 905 1812 948 videretur,

362 1001 492 1036 eaque,
519 1002 597 1035 quae
619 1002 663 1024 eo
680 990 922 1034 pertinerent,
949 988 1150 1034 diligenter
1172 988 1297 1022 omnia
1321 988 1636 1034 circumspiceret,
1662 991 1813 1024 exclusa

363 1074 466 1108 omni
500 1077 537 1108 et
571 1073 727 1108 levitate
761 1077 797 1107 et
830 1071 1093 1117 superstitione
1133 1075 1170 1105 et
1196 1049 1521 1116 perturbatione.>
1554 1073 1610 1106 ne
1643 1084 1716 1117 quo
1751 1083 1812 1107 me

362 1158 477 1203 paulo
502 1158 614 1202 plura
639 1158 712 1192 hoc
737 1158 820 1191 loco
846 1156 970 1190 dicere
993 1155 1233 1200 cupientem,
1260 1166 1374 1200 quum
1400 1156 1603 1199 praesertim
1628 1157 1749 1191 multa
1772 1156 1811 1191 in

361 1239 434 1274 hoc
458 1240 670 1275 studiorum
695 1251 833 1286 genere
858 1235 896 1273 in
919 1239 1136 1281 Germania,
1166 1240 1352 1286 praecipua
1372 1241 1451 1274 sine
1469 1239 1582 1274 dubio
1606 1239 1686 1273 eius
1711 1240 1812 1281 sede,

362 1332 436 1355 non
465 1323 753 1366 prudentissime
778 1321 872 1356 mihi
897 1321 960 1367 agi
994 1321 1115 1355 videri
1146 1322 1390 1367 significarim
1418 1323 1630 1368 multosque
1653 1323 1812 1357 fortasse

362 1405 605 1447 offenderim,
653 1408 807 1439 revocat
847 1404 937 1438 libri
972 1405 1284 1449 exspectationem
1316 1416 1559 1451 supergressa
1593 1405 1813 1451 magnitudo

363 1499 521 1532 eamque
545 1488 751 1533 praescribit
774 1487 955 1533 praefandi
979 1488 1226 1530 brevitatem,
1258 1487 1296 1522 in
1327 1499 1422 1532 qua,
1458 1487 1489 1522 si
1519 1488 1588 1523 illa
1613 1489 1812 1535 attingam,

363 1571 514 1605 facilius
539 1571 586 1605 sit
610 1571 788 1606 invidiam
814 1582 1050 1606 commovere
1075 1583 1186 1616 quam
1208 1573 1408 1617 quidquam
1434 1572 1633 1617 explicare.
1681 1572 1814 1607 Multis

362 1659 487 1689 tamen
512 1655 749 1700 singularum
778 1655 1135 1689 commentationum
1170 1656 1262 1690 locis
1295 1656 1332 1689 id
1363 1656 1485 1701 ipsum
1511 1655 1594 1701 egi,
1630 1659 1672 1690 ut
1697 1659 1812 1698 recta,

364 1749 441 1782 quae
466 1737 560 1771 mihi
585 1738 796 1780 videretur,
834 1738 890 1772 rei
918 1738 1178 1784 aggrediendae
1206 1739 1268 1773 via
1291 1739 1610 1773 demonstraretur
1635 1740 1814 1773 aberran-

365 1822 475 1866 dique
501 1833 578 1875 quae
600 1825 721 1855 essent
747 1832 886 1862 causae,
922 1821 1144 1867 aperiretur.
1195 1823 1251 1856 De
1274 1822 1440 1856 historiae
1460 1822 1608 1867 quidem
1634 1823 1814 1858 Romanae

365 1910 401 1940 et
425 1904 656 1950 antiquitatis
681 1903 998 1950 pervestigatione
1023 1905 1110 1950 quid
1133 1905 1313 1948 sentiam,
1341 1905 1379 1940 iu
1404 1905 1655 1951 disputatione
1680 1907 1726 1940 de
1751 1918 1813 1942 co·-

363 1988 473 2023 loniis
501 1988 680 2022 Romanis
705 1988 859 2030 ostendi,
886 1988 946 2022 cui
972 2000 1034 2023 eos
1056 1989 1171 2023 velim
1197 1988 1393 2034 obtingere
1416 1989 1588 2031 lectores,
1613 1988 1677 2033 qui
1701 1990 1814 2034 pede-

364 2072 493 2106 tentim
519 2071 822 2116 progredientem
855 2071 1221 2116 argumentationem
1248 2073 1544 2116 subsequantur,
1578 2071 1751 2116 Liviique
1779 2075 1816 2107 et

363 2154 536 2199 Dionysii
561 2153 815 2199 cognitionem
842 2157 879 2187 et
909 2159 1026 2187 artem
1059 2153 1198 2197 scripta
1229 2158 1399 2187 veterum
1424 2153 1696 2199 interpretandi
1721 2153 1813 2187 affe-

365 2242 462 2278 rant,
477 2241 512 2270 et
535 2235 598 2281 qui
623 2236 658 2269 in
684 2246 759 2270 una
779 2247 819 2269 re
844 2236 1039 2280 quaerenda
1061 2239 1222 2268 mentem
1249 2235 1442 2279 aequaliter
1467 2235 1513 2268 ad
1538 2246 1664 2270 omnes
1689 2240 1813 2280 partes

368 2320 488 2366 perite
505 2319 686 2363 disposita:
711 2318 886 2363 imaginis
905 2318 994 2362 reip.
1012 2319 1186 2351 Romanae
1203 2316 1280 2351 sine
1299 2317 1515 2351 confusione
1531 2318 1810 2354 circumferant.

364 2405 610 2448 Singulorum
637 2404 806 2436 locorum
831 2407 866 2436 et
894 2402 1161 2436 sententiarum
1192 2405 1298 2435 caute
1323 2400 1687 2446 interpretandarum
1711 2403 1814 2447 leges

366 2490 579 2533 persecutus
589 2497 668 2519 sum
683 2485 716 2518 in
732 2485 787 2526 iis,
801 2496 878 2529 quae
891 2485 935 2517 de
948 2484 1133 2518 iuvenalis
1147 2484 1237 2518 locis
1251 2485 1415 2529 exposita
1428 2489 1523 2519 sunt.
1582 2486 1720 2520 Critica
1733 2487 1815 2531 qui-

367 2573 449 2605 dem
478 2575 513 2604 ct
537 2569 784 2615 grammatica
808 2568 1023 2613 disputatio,
1049 2579 1159 2613 qnam
1178 2569 1221 2601 ad
1238 2569 1424 2602 Ciceronis
1440 2568 1601 2602 maxime
1627 2569 1812 2606 orationes

366 2656 519 2695 contuli,
546 2654 813 2699 (praeterquam
831 2654 927 2697 quod
954 2663 998 2686 ea
1024 2663 1148 2693 eausa,
1169 2663 1278 2695 quam
1296 2665 1326 2696 p.
1350 2652 1410 2685 139
1430 2652 1651 2696 significavi,
1669 2652 1811 2686 minuta

368 2738 486 2771 omitti
503 2738 684 2779 vetabam
715 2738 761 2772 ob
776 2737 845 2770 hoc
862 2736 981 2781 ipsum
999 2736 1097 2770 sacta
1116 2739 1167 2769 est
1192 2735 1374 2780 eopiosior
1391 2740 1424 2770 ct
1438 2735 1598 2780 longior,
1625 2736 1720 2780 quod
1735 2740 1811 2770 tota

368 2824 511 2856 uitione
525 2834 607 2857 mea
620 2822 784 2867 expositu
799 2827 833 2856 et
846 2820 1076 2856 fundamenti
1091 2819 1209 2853 critici
1224 2819 1469 2854 constituendi
1484 2819 1661 2863 (maxime
1675 2819 1711 2854 in
1726 2830 1810 2854 ora-
