1981 3390
1484 182 1549 232 4⁰

279 299 363 342 His
391 297 500 340 locis
531 297 674 338 visum
704 302 771 338 est
803 294 1018 339 subiicere
1051 297 1306 351 faciliorem,
1339 301 1382 340 in
1410 314 1495 356 quo
1529 316 1615 344 non

159 379 463 420 animadversa
499 373 732 417 verborum
773 375 818 415 vi
847 375 900 415 de
941 391 989 417 re
1029 391 1090 417 ex
1132 379 1390 433 antiquitate
1427 382 1614 434 repetita

159 456 381 498 intellecta
410 461 534 504 sunt,
581 467 675 508 quae
709 467 736 494 a
765 451 976 495 Iuvenale
1018 469 1096 510 pro
1141 458 1359 497 sententia
1394 460 1612 498 communi

156 536 302 590 posita
340 541 476 575 erant.
560 531 610 572 In
659 533 794 572 satira
837 533 953 573 enim
1003 534 1157 583 tertia,
1203 543 1433 591 postquam
1480 536 1610 587 dixit,

158 621 424 668 quantopere
456 623 671 667 pauperes
700 609 848 651 Romae
879 620 1179 666 premerentur
1211 620 1255 654 et
1281 622 1610 657 contemneren-

156 699 253 743 tur,
285 690 376 733 haec
406 690 525 732 addit
556 692 615 742 (v.
649 689 744 729 162.
777 690 894 740 163.)

660 767 852 822 Agmine
884 767 999 809 facto

276 846 535 888 Debuerant
570 844 676 886 olim
714 852 867 885 tenues
898 847 1111 900 migrasse
1145 844 1365 896 Quiritem

158 937 252 979 quze
281 924 417 979 vulgo
448 923 501 963 de
534 923 781 962 secessione
815 921 958 976 plebis
989 923 1034 963 in
1068 930 1259 964 montem
1291 937 1462 966 sacrum
1495 926 1606 967 acci-

152 1003 299 1056 piunt3
344 1008 432 1041 tum
467 1013 681 1055 pauperes
720 998 919 1056 homines
953 1013 1039 1040 non
1073 999 1214 1063 solum
1251 1002 1481 1053 secedere,
1527 1003 1605 1044 sed

150 1077 281 1133 plane
314 1082 359 1119 in
390 1077 478 1119 alia
505 1076 603 1118 loca
641 1079 832 1132 migrare
865 1092 945 1119 nec
975 1078 1118 1119 redire
1151 1077 1370 1120 debuisse.
1433 1079 1603 1122 Verum

149 1168 229 1197 nec
258 1157 476 1197 sententia
504 1164 606 1212 apta
639 1164 730 1207 est,
772 1170 904 1212 quum
932 1156 985 1197 de
1016 1170 1191 1197 suorum
1226 1164 1268 1197 et
1297 1159 1602 1213 proximorum

150 1242 397 1290 temporum
423 1235 654 1290 iniquitate
685 1242 913 1290 queratur,
956 1248 1037 1275 nec
1064 1249 1116 1275 ea
1151 1236 1297 1276 omnia
1327 1237 1374 1277 in
1406 1251 1494 1278 uno
1525 1241 1603 1278 mi·

146 1312 316 1367 grandi
342 1311 478 1354 verbo
503 1314 665 1364 insunt,
699 1312 814 1368 quod
844 1320 1054 1368 praeterea
1087 1311 1174 1353 alio
1211 1321 1302 1354 tum
1331 1312 1429 1355 loco
1463 1314 1601 1356 collo-

149 1398 294 1431 catum
323 1399 454 1441 esset,
486 1398 532 1430 ut
560 1392 607 1432 in
634 1405 718 1446 quo
756 1405 842 1431 uno
876 1399 968 1431 tota
995 1398 1111 1431 esset
1139 1392 1365 1431 sententiae
1399 1393 1491 1441 vis3
1523 1392 1603 1435 illa

148 1476 293 1509 autem
339 1471 514 1523 agmine
537 1467 673 1518 sacto
717 1469 877 1510 vitiose
910 1467 1203 1508 redundarent
1216 1481 1229 1517 3
1278 1470 1453 1524 agmine
1485 1472 1601 1512 enim

144 1545 259 1586 facto
303 1559 409 1587 sane
445 1545 517 1586 illi
557 1555 731 1588 veteres
774 1553 1062 1588 secesserunt.
1134 1544 1268 1587 Error
1296 1554 1364 1587 est
1394 1548 1439 1589 in
1468 1550 1603 1603 parti-

147 1622 246 1664 cula
281 1623 411 1675 olim,
454 1637 547 1680 quae
583 1613 643 1665 ex
675 1624 803 1665 huius
833 1625 973 1666 aetatis
1006 1623 1216 1679 loquendi
1249 1638 1330 1665 usu
1362 1627 1505 1681 posita
1535 1635 1602 1668 est

145 1701 238 1742 fere
286 1716 365 1756 pro
410 1716 463 1743 eo
515 1703 629 1758 quod
682 1711 748 1744 est
800 1702 1047 1743 iamdudum
1089 1701 1207 1754 (Vid.
1249 1712 1406 1757 praeter
1450 1703 1601 1747 lexica

145 1779 361 1835 Spalding
391 1780 445 1821 ad
477 1779 663 1830 Quintil.
699 1781 797 1830 IX,
827 1782 878 1832 3,
906 1782 975 1821 87.
1049 1779 1202 1821 lux-en.
1230 1780 1312 1832 IV,
1343 1784 1412 1822 96.
1483 1782 1599 1824 Plin.

144 1856 276 1913 Ep.l‚
309 1859 377 1899 11.
446 1857 554 1900 Tac.
583 1859 700 1900 Ann.
717 1857 826 1910 XII,
853 1860 944 1910 66).
1005 1857 1102 1899 Hoc
1128 1851 1264 1914 igitur
1277 1854 1451 1901 'tantum
1466 1869 1598 1915 poeta

147 1935 290 1985 dixit,
321 1936 570 1977 iamdudum
611 1950 826 1992 pauperes
864 1938 910 1976 in
950 1936 1083 1976 tantis
1122 1935 1276 1985 malis,
1323 1951 1416 1991 quae
1447 1936 1596 1978 Romae

147 2025 222 2051 eos
257 2021 529 2065 premerent,
581 2027 731 2054 omnes
774 2002 1002 2054 coniuncto
1041 2011 1222 2053 consilio
1259 2013 1482 2055 discedere
1522 2015 1596 2056 de·

145 2087 308 2129 buisse-

265 2165 324 2208 Ut
366 2167 413 2207 in
442 2166 525 2207 hoc
558 2165 655 2208 loco
692 2169 821 2209 unius
864 2166 1065 2209 vocabuli
1108 2169 1175 2209 vis
1222 2183 1310 2210 non
1353 2170 1459 2210 satis
1500 2172 1594 2212 ani-

143 2242 371 2284 madversa
404 2258 594 2285 errorem
624 2248 808 2301 peperit,
840 2247 915 2296 sic,
949 2253 996 2286 ut
1024 2247 1111 2286 iam
1140 2259 1210 2286 res
1236 2245 1463 2289 historicas
1495 2251 1594 2290 mit-

141 2329 282 2362 tamus
326 2330 370 2362 et
401 2322 454 2363 de
488 2325 783 2378 grammaticis
817 2337 1082 2379 quaeramus,
1129 2324 1331 2379 neglecta
1365 2334 1592 2369 structurae

140 2401 432 2455 grammaticae
454 2403 563 2442 ratio
585 2401 723 2442 multo
742 2403 929 2443 maiores
960 2401 1108 2443 turbas
1138 2403 1255 2444 dedit
1284 2405 1328 2444 in
1359 2403 1445 2445 alio
1478 2407 1592 2447 eius-

141 2477 239 2517 dem
270 2479 414 2519 satirae
446 2478 559 2520 loco.
618 2479 868 2522 Umbricius
903 2481 1033 2532 enim,
1067 2490 1403 2524 commemorata
1417 2482 1592 2524 Graecu-

138 2553 282 2596 lorum
301 2557 507 2598 adulandi
527 2566 569 2598 et
597 2558 831 2600 simulandi
848 2567 956 2610 arte,
990 2559 1079 2600 haec
1097 2558 1271 2601 subiicit
1299 2562 1361 2612 (v.
1385 2563 1441 2602 92
1457 2561 1591 2617 sqq.):

201 2633 307 2675 Haec
339 2635 491 2676 eadem
525 2635 629 2677 licet
659 2645 701 2677 et
730 2636 852 2678 nobis
884 2636 1079 2687 laudare,
1111 2637 1187 2678 sed
1220 2637 1311 2679 illis

202 2709 420 2755 Creditur.
474 2714 547 2756 An
569 2714 740 2766 melior,
774 2730 904 2771 quum
927 2714 1099 2757 Thaida
1124 2718 1332 2767 sustinet,
1362 2725 1436 2758 aut
1459 2731 1590 2772 quum

205 2787 402 2833 Uxorem
433 2793 664 2835 comoedus
695 2795 815 2849 agit,
852 2793 918 2834 vol
956 2794 1117 2836 Dorida
1152 2794 1273 2835 nullo

1314 2878 1327 2910 l
