1981 3390
1448 276 1546 324 453

158 398 264 438 dicis
308 397 579 445 auctoritati,
622 405 855 448 pronomen
889 391 937 432 lu·
967 390 1179 442 delentis,
1214 395 1282 432 cui
1316 393 1510 434 Orellius
1536 394 1610 434 ob-

157 483 330 515 secutus
365 482 456 523 est,
501 472 640 513 codex
673 470 933 510 Parisicnsis
963 477 1202 523 repugnat3
1249 483 1386 524 neque
1421 472 1533 510 enim
1568 474 1608 510 in

157 551 238 592 hac
268 545 587 603 comparatione
618 548 728 597 eius,
755 546 867 601 quod
900 545 976 585 alii
1006 544 1258 601 flagitarint,
1291 555 1333 586 et
1360 548 1470 597 eius,
1497 548 1610 602 quod

156 629 186 668 ii
230 628 315 681 ipsi
363 626 570 675 fecerint,
620 638 860 677 pronomen
910 624 1035 663 initio
1090 624 1278 678 positum
1324 623 1478 665 abesse
1519 623 1610 665 ullo

154 703 282 744 modo
312 711 469 758 potest.

273 779 322 820 C.
340 783 408 831 11,
436 781 493 820 20
526 787 642 819 recte
672 779 762 819 fere
794 779 956 819 editum
988 785 1053 818 est
1080 777 1133 819 ab
1164 777 1356 820 Orellio:
1397 780 1492 831 Vos,
1519 794 1607 830 vos,

154 862 350 912 inquam,
384 861 550 911 equites
581 857 792 905 Romani,
825 862 869 896 et
897 869 1039 896 omues
1066 855 1170 896 boui
1192 863 1309 897 veste
1338 863 1503 898 mutata
1534 871 1607 898 vos

145 948 228 988 pro
262 948 351 974 meo
395 938 538 988 capite
577 933 637 974 acl
671 933 803 986 pedes
835 933 1003 972 lenonis
1042 937 1322 986 impnrc'sse‘mi
1358 933 1603 980 abiecistis,-

153 1025 249 1052 nam
282 1012 397 1066 quod
429 1013 473 1050 in
505 1011 597 1051 cod.
627 998 764 1051 Paris.
795 1018 882 1049 est:
926 1022 1000 1049 vos
1028 1012 1202 1063 iuquam
1226 1024 1309 1064 pro
1340 1024 1446 1060 meo,
1478 1025 1606 1051 voca-

152 1087 301 1128 bulum
334 1089 378 1128 in
411 1088 643 1142 archetypo
675 1100 733 1127 ex
769 1085 1065 1140 superioribus
1098 1086 1213 1127 male
1246 1089 1473 1140 repetitum
1507 1088 1604 1136 fuit,

150 1173 276 1205 et-ex
313 1179 364 1205 eo
399 1174 540 1206 ortum
585 1173 676 1215 est,
718 1164 830 1218 qnod
871 1165 917 1204 in
955 1162 1167 1204 Beruensi
1209 1173 1274 1204 est
1315 1178 1496 1219 vosque,
1545 1155 1607 1204 ex¹

149 1257 233 1297 quo
260 1243 304 1282 in
332 1241 588 1297 vulgaribus
614 1242 734 1282 codd.
761 1255 875 1281 nova
899 1248 999 1281 nata
1022 1250 1087 1282 est
1111 1241 1413 1296 interpolatio:
1445 1247 1602 1282 vestem

151 1323 348 1360 nautaslie
379 1332 550 1373 vosque.
616 1318 702 1360 Sed
735 1319 859 1358 initio
902 1321 1127 1359 sententia}
1161 1318 1383 1370 Orellius,
1425 1319 1604 1360 Lambi-

149 1411 251 1437 num
291 1404 488 1446 seoutus,
541 1409 615 1436 vos
659 1395 724 1436 bis
768 1398 935 1449 posuit,
982 1397 1133 1437 eodem
1176 1410 1347 1447 errore,
1391 1397 1436 1435 in
1477 1410 1604 1451 quem

149 1473 381 1529 aliquoties
415 1475 459 1513 in
489 1474 679 1514 editione
713 1475 875 1514 maiore
906 1473 1081 1524 incidit,
1115 1482 1162 1514 ut
1192 1482 1291 1514 ante
1321 1478 1495 1527 inquam
1527 1488 1603 1514 vo-

149 1550 351 1590 cabulum
394 1552 533 1604 repeti
571 1549 733 1600 vellet,
780 1564 911 1605 quum
941 1559 1085 1591 tamen
1118 1555 1292 1606 inquam
1326 1565 1411 1591 non
1441 1551 1494 1590 ad
1529 1565 1604 1591 vo·-

147 1626 291 1668 cabuli
323 1614 626 1682 repetitionem
668 1629 905 1679 pertineret
947 1627 1025 1668 sed
1070 1629 1124 1668 ad
1165 1630 1450 1679 sententiam,
1492 1642 1602 1683 quae,

145 1707 231 1746 iam
265 1713 364 1745 ante
398 1705 601 1744 universe
634 1703 910 1759 significata,
959 1706 1151 1760 apertius
1193 1713 1236 1745 et
1279 1707 1602 1745 asseverantius

146 1790 393 1835 poneretur.
481 1781 603 1834 (vid.
653 1795 783 1834 supra
829 1790 1058 1823 comment.
1104 1790 1239 1823 nostr.
1288 1782 1340 1823 de
1388 1784 1604 1823 emendat.

146 1859 280 1914 aliqu.
315 1858 398 1899 loc.
442 1867 568 1898 oratt.
605 1857 744 1899 Cicer.
778 1872 820 1911 p.
855 1860 967 1912 157.)
1036 1859 1202 1900 Eodem
1236 1874 1381 1900 errore
1421 1861 1534 1900 infra
1567 1875 1601 1901 c.

144 1938 213 1987 44,
248 1938 330 1976 116
362 1934 547 1985 (Semel,
593 1939 793 1990 inquam,
840 1950 885 1976 se
924 1937 1039 1976 ludis
1080 1936 1199 1976 homo
1229 1937 1457 1990 popularis
1490 1950 1599 1977 com-

146 2017 265 2053 me’sae‘t
289 2017 483 2063 omniuo,
515 2027 608 2067 quae
634 2014 850 2053 sententia
878 2015 1018 2054 inerat
1047 2015 1133 2053 iam
1167 2014 1211 2053 in
1246 2013 1358 2054 illis:
1389 2027 1468 2054 uec
1492 2015 1602 2054 ullos

145 2092 257 2131 alios
287 2090 410 2130 ludos·
439 2091 648 2144 adspexit
679 2094 769 2130 nisi
798 2104 882 2141 eos,
915 2105 943 2131 α
974 2091 1127 2146 quibus
1158 2094 1236 2131 υιζι·
1259 2095 1384 2131 vivus
1407 2091 1601 2145 effagc't,)

145 2169 276 2209 semel
305 2167 610 2222 duplicandum
643 2169 842 2222 opinatur
874 2176 916 2208 et
948 2170 992 2208 in
1022 2166 1143 2208 Brut.
1174 2169 1254 2217 33,
1290 2170 1372 2208 126
1404 2168 1466 2224 <in
1501 2168 1602 2208 edit.

144 2247 282 2297 mim),
317 2244 391 2286 ubi
422 2245 574 2286 Cicero
614 2245 782 2299 colligit
828 2253 870 2286 et
903 2247 1058 2301 repetit
1098 2259 1311 2286 summam
1354 2246 1504 2286 iudicii
1534 2248 1602 2285 sui

145 2323 196 2364 de
227 2322 275 2363 C.
303 2322 524 2373 Graccho,
560 2322 802 2376 Legenda-v.
867 2322 1051 2363 Prorsus
1079 2337 1286 2378 perversa
1321 2330 1386 2363 est
1418 2321 1498 2362 illa
1529 2337 1602 2362 ve-

144 2400 325 2440 hemens
358 2399 644 2448 exclamati03
678 2414 727 2440 ac
757 2401 904 2451 miror,
933 2402 1076 2440 virum
1101 2400 1289 2449 doctum,
1321 2401 1449 2440 toties
1479 2414 1601 2452 paene

144 2476 197 2518 ab
242 2479 335 2533 ipso
382 2475 591 2518 Cicerone
637 2477 941 2527 admonitum,
983 2491 1068 2518 non
1113 2476 1344 2532 aliquando
1388 2475 1599 2516 abiecisse

145 2568 350 2595 errorem.
411 2555 595 2595 Prorsus
638 2554 780 2596 simile
826 2555 1027 2596 mendum
1068 2556 1245 2610 pessimi
1281 2555 1600 2595 recentissima-

144 2645 326 2684 rumque
352 2633 692 2672 coniecturarum
726 2631 971 2686 plenissimi
1000 2633 1160 2673 codicis
1181 2632 1411 2672 Franciani
1440 2643 1596 2684 pauco—

144 2721 324 2761 rumque
358 2707 550 2747 eiusdem
583 2708 807 2762 dignitatis
837 2708 1022 2751 aliorum
1056 2712 1098 2750 in
1129 2711 1323 2750 oratione
1355 2721 1432 2761 pro
1451 2706 1597 2746 Plane.

144 2785 347 2834 41,-100
380 2783 654 2825 Wunderum
694 2793 888 2826 secutum
933 2800 1054 2837 esse,
1100 2785 1228 2826 valde
1266 2787 1421 2833 miror,
1469 2798 1597 2839 quum

145 2860 412 2916 reduplicata
443 2859 520 2901 illa
550 2863 751 2916 repetitio
782 2866 828 2902 υι·
855 2877 945 2913 me,
983 2868 1028 2905 υι·
1054 2877 1116 2904 me
1148 2863 1267 2904 nullo
1300 2863 1472 2902 omnino
1502 2860 1597 2901 loco
