1981 3390
423 216 521 266 224

359 334 499 379 batur.
558 335 710 380 Tertia
740 335 831 379 fere
857 349 956 393 pars
987 336 1179 378 subactis
1211 344 1359 393 erepta
1392 343 1589 379 narratur
1608 337 1670 390 ¹);
1698 350 1798 380 con-

358 414 642 470 firmantque‚
691 429 783 470 quae
824 415 877 455 de
913 415 1224 469 antiquissimis
1264 414 1529 468 temporibus
1559 414 1799 465 traduntur,

359 505 434 541 ea,
466 506 558 547 quae
588 501 739 545 postea
771 492 885 532 faeta
915 499 1030 541 sunt,
1062 500 1125 541 ut,
1158 493 1238 531 etsi
1269 491 1320 531 de
1351 490 1568 546 oppidulis
1601 492 1670 541 iis,
1704 504 1798 545 quae

359 583 382 608 a
416 568 598 609 Romulo
642 568 819 608 subacta
853 575 1106 617 narrantur,
1148 566 1258 607 nihil
1306 567 1556 622 singulatim
1594 566 1799 608 affirmari

355 647 516 697 possit,
558 646 732 684 insitam
778 644 888 683 hane
929 645 1142 683 rationem
1182 644 1366 683 victoria
1406 644 1555 684 utendi
1595 645 1639 683 in
1680 657 1799 687 more

357 736 486 776 quum
520 721 812 762 Romanorum
844 729 933 760 tum
965 721 1180 760 communi
1208 728 1404 759 veterum
1430 719 1636 760 Italorum
1663 721 1798 760 fuisse

355 806 502 853 pateat
520 796 577 853 2).
649 797 807 839 Incolae
850 805 1021 837 veteres
1058 797 1215 851 partim
1248 796 1430 837 Romam
1461 796 1800 847 abducebantur,

357 875 526 930 oppidis
559 875 739 925 deletis,
782 882 830 914 ut
860 874 912 914 de
943 872 1126 914 Albanis
1158 873 1339 913 traditur
1382 880 1424 913 et
1457 872 1510 913 de
1541 872 1640 913 aliis
1666 873 1799 928 (apud

355 951 454 992 Liv.
494 951 540 1002 Ι,
582 951 680 1004 33),
723 959 796 991 aut
842 937 1208 1004 transmigrabant
1261 948 1378 1003 (Liv.
1412 949 1456 999 Ι,
1507 951 1574 989 11.
1616 948 1798 1003 Dionys.

354 1028 498 1069 IIalie.
555 1027 645 1077 III,
698 1028 767 1080 1),
813 1029 971 1082 partim
1010 1028 1054 1066 in
1097 1027 1186 1066 suis
1226 1024 1401 1066 sedibus
1444 1025 1800 1081 relinquebantur

357 1104 557 1158 (Dionys.
586 1104 644 1156 II,
673 1106 728 1145 35
757 1105 809 1145 de
843 1103 1064 1144 Caeninitis
1097 1111 1139 1144 et
1160 1102 1494 1144 Antemnatibus
1514 1105 1570 1154 ³).
1631 1103 1799 1145 Verum

354 1181 451 1222 loca
482 1181 679 1222 hostibus
713 1189 862 1235 erepta
894 1190 937 1221 et
974 1189 1213 1234 opportune
1246 1181 1330 1219 sita
1361 1179 1612 1234 plerumque
1639 1181 1800 1220 tuenda

356 1267 479 1298 erant
532 1258 753 1312 multoque
809 1258 948 1311 magis
1002 1256 1155 1297 incolae
1212 1256 1467 1310 oppidorum
1521 1255 1798 1298 subactorum

354 1334 616 1375 observandi
660 1342 703 1374 et
746 1326 986 1374 coercendi.
1065 1332 1114 1372 Id
1165 1330 1431 1373 efficiebatur
1478 1341 1600 1387 parte
1639 1334 1800 1373 civium

352 1411 527 1466 publice
565 1426 615 1451 eo
650 1412 781 1451 missa
812 1412 952 1465 iisque
987 1424 1118 1465 agro,
1161 1411 1234 1463 qui
1267 1409 1320 1450 ab
1353 1409 1476 1450 hoste
1508 1419 1656 1464 captus
1692 1419 1799 1461 erat,

353 1489 510 1538 diviso,
540 1496 586 1527 ut
623 1487 685 1528 ibi
715 1496 971 1542 perpetuum
1007 1487 1340 1527 constitueretur
1372 1487 1642 1541 praesidium,
1675 1489 1796 1527 cuius

354 1565 436 1606 hoc
466 1579 596 1604 unum
631 1572 723 1604 erat
752 1577 914 1618 genus,
945 1562 1171 1603 nullodum
1198 1571 1405 1617 perpetuo
1433 1563 1584 1603 milite.
1648 1563 1798 1618 anue

353 1650 418 1683 est
451 1650 492 1682 et
522 1650 684 1681 naturae
717 1648 1006 1680 consentanea
1050 1648 1093 1679 et
1132 1641 1388 1693 scriptorum
1419 1641 1678 1680 testimoniis
1710 1648 1796 1680 tra-

354 1719 443 1759 dita
495 1718 760 1759 coloniarum
805 1707 1095 1757 Romanarum
1137 1717 1259 1770 origo
1280 1717 1347 1768 4),
1397 1730 1489 1770 quae
1528 1725 1575 1756 ut
1614 1719 1659 1757 in
1700 1716 1797 1758 loca

352 1795 550 1836 habitata·
586 1795 841 1849 plerumque
875 1794 1212 1842 deducerentur,
1250 1794 1313 1833 rei
1356 1802 1517 1833 naturae
1558 1793 1796 1842 efficiebat3

352 1872 479 1913 aliter
506 1873 557 1912 ad
577 1874 715 1926 ipsam
735 1873 823 1912 vim
841 1870 1020 1912 coloniae
1040 1870 1080 1910 id
1098 1871 1374 1925 pertinuisse,
1402 1871 1513 1925 quod
1532 1870 1799 1912 Niebuhr-ius

374 2026 411 2067 ²)
438 2024 588 2068 Dionys.
619 2023 745 2057 Halic.
775 2023 832 2064 11,
869 2023 914 2058 35
949 2023 1013 2065 (dc
1041 2022 1188 2056 Caenina
1221 2025 1258 2056 et
1293 2022 1521 2066 Antemna),
1556 2022 1602 2057 50
1634 2022 1700 2066 (de
1726 2022 1798 2056 Ca-

442 2084 595 2125 meria),
621 2084 666 2117 53
695 2085 758 2126 (de
785 2082 964 2124 Fidenis).

374 2145 413 2186 2)
443 2145 519 2177 Csr.
547 2143 826 2177 Privernatium
865 2143 1096 2186 exemplum,
1135 2141 1268 2186 quibus
1307 2153 1340 2176 a.
1369 2142 1436 2176 3ss
1475 2143 1590 2184 a'C.‚
1626 2143 1800 2186 praesiclio

438 2204 561 2236 valido
588 2204 776 2246 imposito,
812 2203 901 2246 agri
920 2207 1048 2245 partes
1074 2203 1153 2235 duoe
1181 2203 1358 2245 adempta?
1383 2207 1464 2235 sunt
1492 2202 1590 2245 (Liv.
1619 2204 1717 2243 vul,
1743 2203 1797 2245 1).

443 2264 520 2296 Nec
555 2263 585 2296 is
619 2274 697 2296 mos
731 2263 966 2296 obsoleverat
991 2261 1084 2295 belli
1107 2261 1239 2295 Punici
1275 2267 1452 2306 tempore.
1505 2261 1600 2303 (Cic.
1627 2261 1663 2294 in
1690 2262 1795 2295 Verr.

444 2324 498 2355 111
511 2347 520 2362 ,
546 2323 589 2362 6,
613 2322 684 2359 13).

379 2383 416 2425 3)
440 2378 726 2424 ’οὁ’ἑ“1)ωμύλσς
742 2382 956 2427 τριακοσίους
975 2381 1041 2424 μὲν
1061 2377 1189 2425 ἄνδρας
1208 2379 1254 2417 εἷς
1277 2380 1436 2426 ἑκατέρας
1455 2376 1617 2417 ἀποίκους
1630 2379 1794 2416 ἀπέστει-

445 2441 525 2483 λεν,
551 2438 600 2477 οἷς
621 2439 746 2475 ἔδοσαν
768 2439 809 2475 αἱ
836 2439 954 2476 πόλεις
976 2443 1097 2485 τρίτην
1124 2439 1450 2483 κατακληρουχῆσαι
1479 2444 1609 2486 μοῖραν
1637 2438 1694 2485 τῆς
1717 2444 1794 2477 ἑαυ-

443 2494 512 2536 τιῦιὲ
537 2499 604 2547 γῆς.
654 2501 835 2536 Καινιτῶν
862 2499 899 2534 δὲ
926 2506 983 2535 καὶ
999 2498 1248 2544 ’Λντεμνατιὸν
1279 2499 1356 2535 τοῖς
1380 2500 1606 2544 βουλομένους
1634 2503 1794 2545 μεταθέ-

445 2563 530 2596 σθαι
541 2561 604 2605 τήν
616 2562 748 2605 οἴκησιν
760 2559 805 2596 εἰς
816 2560 974 2604 Ῥώμην,
1002 2561 1158 2605 γυναιξὶν
1178 2556 1255 2604 ἅμα
1268 2565 1325 2595 καὶ
1344 2563 1473 2597 τέκνοις
1483 2560 1657 2605 μετήγαγε
1670 2575 1700 2596 κ.
1715 2574 1747 2595 τ.
1761 2561 1794 2595 λ.

380 2623 418 2665 4)
446 2621 642 2666 Dionysius
669 2621 826 2666 φυλακήν
850 2622 1017 2666 appellat
1037 2626 1073 2654 et
1094 2618 1248 2664 φρουράν
1272 2622 1344 2663 (11,
1371 2620 1416 2654 53
1439 2626 1473 2654 et
1493 2621 1556 2663 51)
1584 2627 1619 2655 ct
1645 2623 1796 2655 colonos

446 2680 613 2729 φρουρούς)
636 2682 725 2724 (VI,
751 2682 796 2716 32
823 2686 858 2715 ct
881 2681 970 2724 303
1001 2681 1170 2724 idemque
1197 2681 1241 2713 de
1268 2680 1557 2714 Crustumerinis
1587 2681 1683 2722 (ΙΙΙ,
1708 2681 1792 2722 49)ε

444 2738 506 2776 ‘tofi
529 2740 566 2776 δὲ
588 2739 700 2786 μηδὲν
722 2742 774 2776 ἔτι
801 2738 1036 2787 παρακινῆσαι
1067 2738 1170 2786 χάριν
1192 2739 1346 2776 ἐποίκους
1376 2739 1493 2776 αὐτοῖς
1527 2739 1686 2774 κατέλιπε
1704 2737 1797 2774 ‘Pm-

441 2805 573 2845 μαίους.
626 2802 702 2837 cfr.
729 2802 835 2838 Mob.
864 2803 918 2844 11,
948 2801 1004 2837 51.
1055 2801 1214 2837 Omnino
1245 2801 1289 2836 dc
1316 2800 1374 2836 his
1400 2800 1665 2845 antiquissimis
1694 2801 1794 2835 colo-
