1981 3390
456 226 556 276 510

513 344 564 388 C.
594 345 645 396 3,
671 344 716 396 ¹7,
742 342 817 386 ub'i
844 352 932 386 est:
969 341 1114 392 Quare
1139 349 1240 399 peto
1268 358 1296 387 a
1323 349 1380 395 ie,
1412 350 1462 387 ut
1492 344 1599 389 m‘z7u‘
1626 348 1842 403 ignoscas,

401 424 576 475 Vatini,
609 416 733 478 quum
757 425 920 476 patrae‘oe
947 426 1237 476 pepercerim,
1270 437 1394 478 quam
1422 437 1664 477 servaram,
1693 427 1739 466 in
1771 439 1842 467 co-

395 503 490 544 dice
519 502 733 544 Vaticano
764 498 927 553 legitur
959 512 1083 552 quum
1113 505 1157 539 et
1183 500 1297 550 (Erf.
1337 506 1380 541 et
1408 515 1523 553 cum,
1555 503 1667 558 quod
1700 504 1744 543 in
1777 517 1845 544 ar-

394 581 578 634 chetypo
622 584 867 617 nostrorum
909 576 1103 616 codicum
1145 576 1281 617 fuisse
1323 581 1544 633 suspicor,
1593 595 1654 621 ex
1705 580 1845 622 altero

397 660 575 706 ortum),
609 654 650 694 id
685 661 776 703 est,
809 666 934 708 quum
968 656 1013 693 ei
1035 656 1231 706 putria.-
1269 653 1355 694 Sed
1384 665 1594 707 praeterea
1626 659 1671 698 in
1701 658 1846 699 Vatic.

395 742 462 775 est
498 735 806 787 pepercissem,
864 730 976 785 quod
1025 730 1132 771 ferri
1176 732 1346 785 nequit3
1399 740 1442 772 et
1481 740 1625 774 tamen
1664 734 1847 789 vulgata

396 813 607 867 scriptura
646 809 850 856 offendit3
901 807 1240 863 exspectabatur
1285 811 1401 849 enim
1442 824 1526 851 non
1569 825 1718 865 quum,
1771 812 1847 852 sed

394 890 531 946 quod,-
584 887 684 927 huic
726 888 842 926 enim
884 887 970 941 ipsi
1015 894 1217 942 tanquam
1261 896 1439 942 peccato
1481 889 1651 942 ignosci
1695 888 1847 930 Cicero

396 967 518 1017 vult,
560 979 643 1005 non
684 972 859 1019 propter
909 977 1005 1004 eam
1049 978 1222 1004 causam
1272 966 1440 1019 ignosci
1480 964 1734 1007 nesciocui
1768 967 1846 1007 rei.

396 1043 762 1097 Antiquissimum
797 1041 933 1095 igitur
965 1040 1144 1081 subesse
1183 1041 1384 1081 mendum
1420 1051 1552 1096 puto,
1583 1052 1848 1096 permutato-

397 1135 480 1176 que
498 1119 767 1174 compendio,
800 1130 928 1173 quum
954 1131 1032 1169 pro
1063 1117 1179 1172 quod
1208 1118 1368 1158 factum
1401 1128 1516 1159 esset
1546 1134 1684 1174 quum,
1717 1120 1848 1161 simul

395 1207 607 1240 mutatum
647 1210 758 1246 esse,
792 1195 904 1250 quod
939 1209 964 1235 a
999 1193 1209 1235 Cicerone
1242 1197 1449 1250 scriptum
1478 1196 1625 1247 fuerit,
1650 1201 1848 1251 peperci,

393 1277 439 1317 in
483 1275 699 1317 Vaticano
739 1274 783 1313 in
819 1276 1133 1326 pepercissem,
1172 1274 1217 1313 in
1258 1272 1346 1313 alio
1388 1282 1533 1314 autem
1574 1274 1753 1328 codice,
1787 1288 1847 1315 ex

396 1368 482 1409 qno
535 1360 781 1393 nostrorum
841 1350 975 1391 rivuli
1027 1350 1345 1406 profluxerint,
1409 1353 1453 1391 in
1503 1355 1770 1406 pepercerim
1792 1352 1846 1406 ¹).

399 1430 536 1479 Quum
568 1444 644 1485 pro
687 1429 801 1485 quod
827 1430 871 1469 in
903 1429 995 1469 cod.
1028 1428 1260 1484 archetypo
1291 1431 1496 1485 scriptum
1529 1430 1611 1469 fuit
1643 1431 1774 1470 etiam
1812 1444 1849 1471 c.

391 1511 435 1560 7,
464 1511 533 1559 17,
566 1507 641 1548 ubi
673 1516 790 1548 recte
822 1507 1079 1548 Schuetzius
1113 1515 1156 1546 et
1196 1506 1391 1547 Orellius
1423 1506 1678 1547 Goveanum
1711 1507 1849 1547 secuti

397 1595 511 1628 sunt.
578 1585 739 1626 Contra
779 1584 894 1640 quod
931 1598 1009 1639 pro
1051 1597 1175 1637 quum
1215 1585 1290 1633 14,
1319 1585 1389 1624 34.
1446 1583 1530 1624 Illa
1570 1585 1848 1625 commutatio

398 1664 505 1705 alibi
540 1677 708 1718 quoque
734 1662 873 1712 facta,
900 1670 953 1713 ¹ut
985 1662 1039 1702 ad
1067 1662 1187 1702 Fam.
1215 1660 1330 1711 VII,
1364 1661 1418 1701 15
1450 1669 1516 1712 et,
1551 1663 1728 1716 opinor,
1771 1675 1849 1713 pro

397 1741 495 1783 Mil.
524 1743 602 1791 36,
628 1742 698 1780 99.
758 1739 920 1779 Eodem
952 1754 1070 1793 cap.‚
1119 1741 1142 1789 ᾖ
1173 1740 1226 1788 8,
1258 1724 1331 1777 ub'i
1366 1745 1453 1778 est:
1479 1751 1626 1778 -nemo
1656 1737 1850 1779 humani-

396 1820 718 1867 tatem'meam,
751 1829 870 1856 nemo
903 1815 1265 1864 cousuetudinem,
1297 1827 1417 1854 nemo
1452 1816 1691 1866 consillum,
1727 1829 1847 1857 nemo

399 1897 616 1938 auxilium
653 1893 922 1949 requirebat,
972 1892 1110 1933 codex
1150 1892 1374 1933 Parisinus
1415 1891 1568 1934 habet:
1610 1906 1729 1933 nemo
1774 1891 1850 1934 ltu-

397 1978 669 2022 manz‘lutem,
712 1985 831 2012 nemo
876 1970 1227 2011 consuetudinem
1268 1983 1424 2020 meam,
1468 1970 1559 2011 Erf.
1599 1984 1718 2011 nemo
1752 1984 1851 2011 con-

398 2052 665 2092 suetudinem
694 2063 852 2100 menta,
898 2062 1016 2088 nemo
1046 2047 1378 2098 humanitatem,
1421 2062 1480 2088 ex
1527 2062 1610 2103 quo
1658 2049 1702 2088 in
1754 2062 1849 2089 eam

398 2131 687 2185 suspicionem
751 2127 964 2176 adducor,
1025 2135 1072 2166 ut
1124 2127 1169 2166 in
1227 2125 1375 2166 codice
1425 2125 1657 2181 archetypo
1722 2139 1851 2166 voces

398 2220 517 2247 nemo
554 2206 900 2246 consuetudinem
932 2203 1242 2259 interpretandi
1276 2187 1406 2245 causa
1439 2205 1675 2259 adscriptas
1715 2203 1850 2244 fuisse

398 2292 544 2339 putem
584 2282 673 2323 illis
717 2296 836 2323 nemo
882 2281 1190 2322 Ιιτιηιαιιίίηϊωη
1239 2296 1398 2332 meum,
1441 2297 1569 2337 quum
1614 2282 1850 2336 praesertim

400 2360 664 2400 consuetudo
708 2361 888 2412 privatae
930 2361 1029 2398 vitae
1062 2360 1203 2398 minus
1243 2358 1312 2398 hic
1345 2367 1442 2409 apte
1485 2359 1695 2398 nominari
1729 2357 1849 2397 vide-

399 2445 521 2487 atur,
585 2443 650 2486 et,
712 2434 802 2474 illis
855 2434 1062 2484 sublatis,
1126 2434 1179 2474 ad
1231 2434 1448 2473 mamiliam
1499 2434 1712 2474 referatur
1766 2434 1851 2473 fori

399 2516 588 2563 mentio,
629 2512 682 2553 ad
717 2512 940 2552 consillum
980 2513 1130 2561 curiae,
1175 2511 1226 2551 nd
1270 2510 1574 2551 hennam'latem
1607 2510 1850 2551 studiorum

399 2594 555 2634 artium
608 2590 844 2640 bonarum,
896 2596 943 2628 ut
986 2588 1161 2644 singula
1205 2587 1392 2643 singulis
1442 2589 1689 2628 reddantur.
1763 2586 1851 2628 De-

425 2717 465 2761 1)
495 2716 621 2750 Facile
639 2713 878 2760 intelligitur,
903 2724 963 2747 me
981 2712 1017 2747 in
1045 2713 1117 2746 hoc
1141 2716 1177 2747 ot
1195 2712 1279 2747 aliis
1304 2712 1398 2746 locis
1423 2724 1495 2746 non
1521 2716 1698 2753 statuere,
1725 2715 1851 2747 utrum

489 2777 526 2811 in
554 2788 597 2810 eo
619 2776 700 2822 ipso
727 2776 873 2817 codice,
899 2786 942 2808 ex
972 2785 1044 2819 quo
1072 2773 1215 2816 Paris„
1245 2773 1325 2808 Soti
1353 2773 1536 2814 Victoris,
1563 2773 1674 2806 Beru.
1703 2784 1758 2817 pr.
1785 2773 1850 2806 de·

494 2837 653 2882 scriptos
679 2842 789 2885 puto,
814 2837 852 2873 id
879 2837 1021 2873 suctum
1045 2835 1094 2872 sit
1120 2846 1168 2871 an
1197 2834 1235 2871 in
1261 2834 1338 2871 alio
1364 2834 1478 2871 etiam
1503 2833 1724 2880 antiquiore.

1969 2183 1972 2225 i
1979 2239 1981 2249 A

1969 2248 1981 2332 La
