1981 3390
463 250 562 298 478

401 369 508 410 adeo
538 372 621 410 vim
636 366 864 418 facinoris·
895 369 965 408 sm*
987 364 1344 420 perhorruerant,
1388 367 1430 407 in
1466 367 1558 408 cod.
1587 366 1724 409 Paris.
1753 382 1842 410 me-

399 445 485 488 lius
508 447 715 500 scriptum
749 452 814 486 est
840 442 1190 499 perhorruerant.
1254 442 1381 485 Nunc
1401 444 1515 484 enim
1543 444 1715 485 demum
1743 458 1842 486 nar-

400 538 496 565 rare
527 523 579 564 de
615 536 666 563 ea
706 534 752 562 re
782 521 955 572 incipit,
997 533 1077 560 nec
1108 521 1230 574 sequi
1262 519 1453 576 alioquin
1493 529 1685 576 poterat:
1716 527 1767 563 nt
1789 543 1844 553 --

401 603 659 654 coge'lm’a'nt,
693 598 768 637 sed
797 596 1042 636 necessario
1074 599 1320 649 cogitarent*
1348 597 1573 638 dicendum
1603 606 1708 638 erat.

521 674 569 715 C.
594 676 673 725 39,
701 675 757 714 84
789 675 871 713 etsi
900 672 1167 725 aptissimum
1194 680 1280 713 est:
1310 686 1384 713 vos
1414 677 1544 713 taciti
1572 673 1844 726 maerebatis,

401 761 571 802 tamen,
607 765 736 807 quum
770 753 815 790 in
849 748 1067 790 codicibus
1096 749 1195 790 Par.
1238 757 1281 789 et
1311 747 1468 800 Bern.,
1506 751 1685 805 opinor,
1714 753 1843 792 etiam

401 831 444 870 in
475 829 568 870 cod.
607 829 652 870 S.
684 828 903 877 Victoris,
946 827 1001 866 sit
1039 823 1363 875 merebamini,
1406 826 1450 866 in
1490 835 1677 868 mentem
1711 829 1847 878 venit,

403 905 653 947 Ciceronem
686 905 870 945 fortasse
907 905 1131 957 scripsisse
1163 902 1493 944 mz’serebaneimz
1752 886 1756 889 .

523 982 572 1023 C.
602 984 679 1032 40,
721 983 775 1021 86
807 981 1052 1021 necessario
1092 994 1115 1019 e
1160 978 1305 1020 codice
1337 979 1574 1022 parisiensi
1606 979 1847 1022 codicibus-

403 1074 484 1115 que
517 1057 718 1099 Lambini
762 1066 804 1097 et
844 1055 893 1097 C.
933 1056 1139 1109 Stephani
1179 1054 1451 1097 scribendum
1494 1066 1582 1098 est:
1628 1061 1705 1111 qui
1743 1055 1851 1098 mila·

401 1149 512 1177 ‘emm
536 1148 594 1176 ex
625 1132 815 1175 omnibus
850 1131 1015 1173 civibus
1043 1133 1216 1173 videtur
1240 1146 1288 1173 re
1320 1133 1540 1184 docuisse,
1572 1147 1657 1174 non
1690 1133 1846 1184 verbis,

403 1219 449 1255 et
479 1212 583 1268 qnid
611 1216 828 1266 operteret
851 1224 878 1250 a
904 1208 1207 1264 proestanttbus
1237 1212 1344 1249 viris·
1376 1213 1424 1250 in
1455 1223 1503 1250 re
1530 1210 1707 1263 publica
1720 1209 1848 1259 fieri,

403 1296 445 1331 ει
490 1290 596 1345 quid
635 1301 807 1329 necesse
841 1292 963 1327 esset.
1037 1284 1186 1341 Vulgo
1229 1286 1349 1340 prius
1385 1291 1430 1326 et
1469 1288 1694 1327 omittitur.
1761 1285 1848 1328 Sed

401 1366 484 1408 hoc
518 1368 656 1422 ipsum
698 1365 789 1420 agit
821 1365 885 1418 (ut
918 1377 976 1404 ex
1018 1364 1234 1418 proximis
1277 1361 1503 1417 apparet),
1543 1372 1591 1404 ut
1631 1363 1722 1404 haec
1762 1363 1847 1404 duo

403 1458 498 1484 esse
532 1443 728 1484 ostendat
759 1450 801 1482 et
830 1442 1057 1481 disiuncta.
1115 1432 1253 1480 Paulo
1288 1448 1385 1493 post
1423 1454 1552 1495 quum
1598 1441 1749 1496 optimi
1779 1454 1850 1481 co·

404 1520 521 1561 dices
553 1520 619 1575 (S.
651 1520 792 1569 vien,
837 1517 1019 1569 Rex-nn„
1049 1517 1166 1571 Par.)
1198 1531 1251 1557 ne
1281 1516 1458 1558 literula
1488 1518 1658 1572 quidem
1691 1516 1850 1559 discre-

402 1606 556 1651 pantes
596 1598 862 1651 aptissimam
898 1595 1130 1636 lectionem
1164 1603 1389 1644 tueantur,
1431 1602 1596 1634 tantum
1638 1593 1752 1634 male
1785 1593 1849 1634 di·-

404 1675 511 1714 visis
554 1673 758 1723 vocibus,
802 1686 858 1713 ex
893 1685 974 1727 quo
1004 1670 1270 1726 reliquorum
1304 1671 1457 1711 menda
1490 1679 1584 1711 orta
1613 1678 1734 1720 sunt,
1771 1672 1848 1710 mi—

403 1764 498 1800 ror,
546 1764 619 1791 cur
660 1749 854 1790 Orellius
893 1748 1076 1804 amplius
1115 1748 1344 1803 quidquam
1379 1747 1562 1787 violenti
1604 1748 1851 1788 coniectura

405 1818 628 1882 anquirat,
659 1834 733 1866 aut
767 1824 935 1880 ἄκυρον
965 1839 1060 1866 esse
1091 1833 1235 1880 putet,
1271 1825 1463 1865 dativum
1490 1827 1650 1878 palrioe
1681 1837 1741 1864 ex
1770 1838 1850 1877 pa-

405 1907 501 1944 lre’ae
530 1917 788 1957 recuperare
820 1902 1008 1956 intelligi
1041 1903 1094 1943 ad
1127 1908 1315 1956 ereptum
1356 1903 1400 1942 in
1439 1902 1588 1942 eadem
1621 1903 1850 1952 sententia,

407 1989 450 2022 et
481 1980 633 2021 laudes
664 1980 886 2021 Ciceronis
927 1979 995 2020 hic
1035 1981 1183 2034 utique
1212 1979 1467 2033 repetendas
1501 1979 1636 2019 fuisse
1675 1979 1850 2020 iudicet.

405 2057 553 2099 Facile
595 2056 948 2113 intelligebatur,
1003 2055 1140 2113 qualis
1191 2058 1299 2097 civis
1339 2070 1434 2096 esse
1479 2054 1680 2107 deberet,
1723 2070 1850 2111 quem

405 2137 578 2177 divinus
609 2135 685 2176 ille
714 2135 842 2175 homo
876 2137 1026 2190 patriae
1045 2143 1249 2190 tanquam
1279 2141 1474 2188 ereptum
1498 2131 1671 2188 aliquod
1691 2132 1850 2175 bonum

404 2227 658 2268 recuperare
688 2213 894 2253 studeret.

527 2289 574 2330 C.
609 2292 688 2339 41,
724 2291 778 2329 89
810 2288 1106 2330 circumfertur
1144 2289 1190 2328 iu
1231 2286 1491 2328 editionibus
1519 2286 1722 2329 Lambini
1752 2301 1852 2328 con-

407 2368 590 2407 iectura:
634 2365 744 2406 Esse
776 2369 862 2404 iam
896 2379 918 2405 e
949 2379 997 2404 re
1032 2363 1208 2417 publica
1241 2364 1359 2413 (aliiz
1403 2363 1550 2405 Ellam
1586 2378 1609 2404 e
1637 2378 1685 2403 re
1711 2362 1848 2416 publ.)

382 2428 617 2491 ‘cr-edidit,
653 2447 723 2491 ut,
757 2444 956 2494 quoniam
987 2439 1074 2480 siba·
1099 2443 1145 2479 in
1183 2440 1303 2479 illum
1337 2438 1503 2492 legibus
1535 2444 1603 2480 uli
1631 2453 1715 2480 non
1747 2441 1851 2480 lice-

409 2525 496 2569 ret,
543 2519 663 2560 illius
695 2521 778 2559 vim
810 2530 946 2571 neque
988 2520 1035 2556 in
1078 2529 1151 2556 suo
1183 2529 1318 2569 neque
1349 2519 1395 2556 ‘in
1427 2519 1496 2556 rei
1521 2516 1703 2569 puble'cae
1734 2522 1851 2571 peri-

409 2597 504 2638 culo
533 2599 873 2651 pertimesceret,
917 2602 960 2633 et
1003 2607 1028 2633 a
1062 2593 1181 2633 codd.
1214 2594 1411 2647 vestigiis
1439 2607 1614 2645 prorsus
1645 2595 1850 2635 recedens

410 2681 452 2714 et
480 2688 631 2730 parum
667 2680 781 2729 apta.
850 2670 963 2712 Nam
999 2678 1190 2725 apertum
1234 2678 1324 2720 est,
1371 2669 1621 2711 Ciceronem
1663 2673 1849 2725 primum

409 2751 568 2804 dicere,
601 2765 693 2808 quae
719 2749 946 2806 propositae
972 2748 1156 2788 fuissent
1179 2746 1337 2789 Miloni
1362 2747 1649 2799 condiciones,
1679 2747 1847 2797 deinde,

409 2827 476 2869 his
529 2843 626 2871 eum
679 2829 743 2870 uti
794 2841 879 2869 nou
927 2827 1119 2882 potuisse
1176 2839 1256 2868 nec
1303 2825 1530 2877 debuisse,
1593 2834 1706 2876 tum,
1748 2825 1849 2880 quid
