1981 3390
462 239 560 288 450

395 359 544 400 multis
576 359 812 401 refutandae
845 361 944 401 sint.
1020 360 1215 410 Quorum
1249 360 1349 412 alii,
1389 369 1436 401 ut
1470 361 1721 404 Wunderus
1747 367 1839 420 qui-

397 452 480 492 que
506 439 600 478 eius
625 439 915 478 coniecturam
945 446 1095 492 postea
1121 438 1208 479 alio
1240 437 1472 479 substituto
1496 441 1669 480 nomine
1696 454 1840 482 emen·

394 515 497 555 dare
540 514 705 565 voluit,
751 516 890 569 ipsum
933 514 1136 555 Pisonem
1183 529 1261 555 suo
1296 515 1528 568 supercilio
1577 505 1661 557 niti'
1698 518 1839 558 visum

394 605 490 631 esse
522 590 698 640 volunt,
733 599 775 630 et
806 592 998 645 imagine
1030 592 1383 645 perversissima,
1432 593 1474 632 in
1506 594 1678 634 nitendi
1705 594 1839 636 verbo

394 682 489 708 cum
532 675 654 721 parte
688 666 835 720 aliqua
878 666 1025 706 vultus
1066 668 1318 717 coniuncto,
1361 677 1405 707 et
1445 672 1660 711 sententia
1701 671 1839 719 mala;

393 745 488 798 quis
522 745 636 784 enim
668 742 857 798 aliquem
886 744 1028 798 ipsum
1059 757 1136 784 suo
1166 743 1291 784 vultu
1322 743 1537 785 confidere
1567 747 1704 798 dicat,
1753 751 1839 790 nisi

391 821 504 861 forte
536 828 583 860 ut
614 828 774 861 terreat
806 820 1000 875 aliquos,
1038 835 1087 861 ae
1120 834 1206 861 non
1237 822 1407 875 potius,
1445 821 1555 862 alios
1586 836 1637 863 eo
1670 823 1839 878 decipi!

391 896 596 938 Efficiunt
625 898 778 938 deinde
808 897 873 938 hae
905 898 1185 948 coniecturae,
1231 905 1279 937 ut
1322 898 1408 938 iam
1441 912 1554 939 nunc
1587 897 1739 940 Cicero
1768 898 1841 940 Pi-

391 988 541 1015 sonem
575 982 724 1028 aperte
756 974 934 1015 irrideat
963 973 1359 1029 contumelioseque
1388 975 1517 1026 dicat,
1547 974 1655 1016 nihil
1684 984 1838 1031 praeter

390 1051 558 1092 vultum
592 1050 795 1092 habuisse
829 1052 976 1106 gravis
1003 1050 1216 1101 hominis3
1270 1052 1381 1106 quod
1415 1061 1562 1093 contra
1594 1054 1726 1092 totius
1753 1053 1839 1095 loci

389 1130 649 1170 sententiam
679 1136 758 1168 est.
830 1128 1037 1184 Proponit
1068 1129 1208 1178 enim,
1253 1137 1411 1183 quanta
1453 1129 1585 1169 fuerit
1622 1128 1840 1170 debuerit-

391 1221 472 1261 que
505 1220 599 1246 esse
631 1206 854 1247 hominum
886 1205 938 1245 de
968 1203 1047 1245 illo
1079 1205 1240 1257 opinio.
1302 1205 1484 1256 Postea,
1531 1220 1658 1260 quam
1688 1207 1726 1246 is
1761 1204 1838 1247 ho-

389 1285 528 1324 mines
567 1283 802 1332 fefellerit,
853 1282 968 1322 dicit.
1040 1281 1234 1322 Orellius
1276 1290 1445 1332 autem,
1496 1283 1568 1336 qui
1605 1280 1840 1323 Gabinium

388 1362 571 1412 iterum,
614 1368 791 1415 propter
831 1373 907 1410 ea,
946 1373 1038 1414 quae
1079 1367 1341 1413 sequuntur,
1384 1358 1572 1399 inculcat
1592 1359 1658 1412 ¹),
1699 1373 1839 1415 neque

387 1439 579 1493 vestigia
631 1438 853 1491 scripturae
904 1437 1153 1490 incorrupta
1203 1450 1353 1477 curare
1399 1450 1538 1491 neque
1579 1438 1838 1478 sententiam

387 1528 527 1569 neque
570 1528 813 1555 sermonem
856 1513 1060 1554 Latinum
1102 1512 1184 1554 hoc
1224 1512 1321 1554 loco
1366 1513 1550 1554 videtur.
1620 1513 1734 1562 Quid
1774 1521 1840 1554 est

388 1593 503 1631 enim
536 1591 769 1645 supercilio
811 1597 1015 1646 {anquam
1047 1596 1150 1630 nota
1182 1591 1334 1630 inuri?
1402 1589 1704 1645 Tui-pitudinis
1736 1598 1839 1629 nota

388 1669 503 1709 inuri
542 1668 700 1722 aliquis
741 1668 1153 1721 dicitur‘omnisque
1191 1667 1375 1707 foeditas
1419 1676 1461 1706 et
1499 1667 1718 1721 turpitudo
1752 1667 1835 1707 isto

387 1747 560 1786 nomine
592 1744 862 1800 appellatur,
908 1744 982 1784 sed
1014 1743 1126 1784 alius
1160 1743 1347 1784 hominis
1380 1742 1659 1796 supercilium
1690 1751 1836 1783 notam

385 1823 471 1863 dici
503 1816 820 1877 supercilioque
855 1821 1042 1875 aliquem
1073 1821 1213 1870 inuri,
1257 1828 1450 1860 monstra
1481 1828 1581 1859 sunt
1611 1821 1836 1860 sermonis.

385 1899 472 1940 Sed
503 1913 652 1939 omnes
683 1900 728 1939 in
761 1913 811 1939 eo
844 1913 868 1938 a
901 1898 1098 1938 veritatis
1129 1898 1330 1952 vestigiis
1362 1896 1582 1946 aberrant,
1617 1897 1728 1950 quod
1764 1910 1837 1937 vo-

388 1975 589 2017 cabulum
622 1982 827 2031 tanquam
866 1977 910 2015 in
944 1973 1144 2015 omnibus
1178 1972 1398 2018 codicibus
1428 1982 1544 2014 certo
1582 1972 1678 2014 loco
1718 1974 1836 2028 posi-

385 2063 491 2104 tum,
523 2068 606 2108 quo
640 2068 766 2094 nemo
799 2053 843 2093 id
874 2066 934 2093 ex
961 2051 1047 2093 alia
1077 2052 1178 2092 sede
1206 2050 1493 2092 translaturus
1524 2053 1567 2091 in
1600 2052 1836 2092 incommo-

384 2131 605 2171 ‹lissimam
651 2139 768 2181 erat,
832 2129 1014 2170 licenter
1078 2137 1377 2184 transponunt.
1464 2127 1591 2177 Quod
1645 2125 1851 2168 vocabu-⁷

383 2207 473 2248 lum
518 2222 646 2263 quum
692 2208 741 2248 ad
788 2207 1011 2247 videretur
1051 2207 1267 2260 pertinere
1307 2219 1391 2246 non
1435 2207 1595 2260 possit,
1639 2213 1834 2259 apertum

385 2294 472 2333 est,
507 2287 636 2325 etiam
671 2299 731 2325 ex
769 2286 913 2337 positu
948 2282 1178 2323 verborum
1208 2290 1251 2322 et
1290 2296 1349 2322 ex
1379 2283 1596 2336 imagine,
1643 2296 1736 2337 quae
1770 2289 1836 2322 est

383 2363 428 2400 in
461 2360 594 2400 verbo
627 2364 725 2409 nili,
757 2368 854 2414 post
885 2366 1088 2412 tanquam
1120 2359 1338 2398 excidisse
1372 2358 1631 2399 vocabulum
1661 2371 1830 2412 compa-

382 2438 594 2478 rationem
624 2437 861 2477 continens.
926 2434 973 2475 Id
1009 2433 1135 2488 quale
1166 2434 1297 2474 fuerit
1327 2443 1368 2473 et
1398 2447 1457 2473 ex
1489 2434 1690 2474 ductuum
1716 2435 1833 2474 simi·

382 2513 590 2564 litudine,
629 2521 805 2568 propter
838 2525 965 2567 quam
1000 2511 1184 2561 excidit,
1228 2518 1271 2550 et
1307 2511 1525 2551 sententia
1566 2519 1832 2552 monstrante

409 2718 446 2759 ²)
473 2717 552 2750 Non
579 2720 702 2757 rectc;
729 2725 814 2749 nam
840 2713 1002 2759 primum
1030 2713 1074 2747 de
1100 2713 1234 2748 Pisone
1260 2713 1353 2755 solo,
1380 2717 1419 2748 ut
1446 2713 1491 2747 de
1516 2712 1677 2748 Gabinio
1703 2723 1829 2757 supra,

472 2777 650 2821 loquitur.
703 2775 845 2810 Deinde
864 2775 1059 2810 hominum
1085 2785 1146 2810 cos
1172 2773 1470 2819 comparantium
1495 2784 1703 2810 sermonem
1730 2783 1830 2807 com-

475 2842 668 2872 memorat.
