1981 3390
1454 205 1512 253 31

1017 287 1040 308 1

133 337 263 379 quium
295 321 420 375 nihil,
451 322 564 379 quod
595 331 877 377 sequeretur,
911 320 1112 372 liaberet,
1144 321 1227 363 huc
1257 321 1361 365 illuc
1389 330 1589 379 vagantis

133 412 175 443 et
202 412 406 458 tanquam
440 402 485 442 in
518 399 708 441 tenebris
731 400 951 456 palpantis
982 402 1181 457 quodque
1207 400 1424 443 obiectum
1457 413 1589 453 essct,

134 481 382 536 arripientis
416 487 459 520 et
487 487 663 534 propter
703 478 813 520 hanc
842 481 981 533 ipsam
1012 494 1186 520 causam
1219 490 1429 536 perpetuo
1463 481 1589 522 dubi-

132 560 289 610 tantis‚
349 571 476 613 quam
511 558 584 612 qui
630 559 770 598 secuti
799 565 923 608 sunt,
982 571 1239 613 quamquam
1274 558 1470 600 laborem
1502 569 1591 601 stu-

132 637 336 693 diumque
372 645 414 678 et
446 636 652 677 doctrinm
687 650 856 692 quoque
888 637 1102 692 quandam
1137 638 1302 692 copiam
1336 637 1591 687 attulerunt,

132 714 272 756 officio
300 724 445 757 tamen
480 715 583 756 boni
616 716 880 756 enarratoris
916 729 1000 755 non
1032 716 1363 767 satisfecerunt,
1400 716 1591 772 relique-

127 803 312 850 runtque
345 809 431 835 non
464 793 775 834 contemnendi
809 792 973 834 laboris
1004 796 1229 835 materiam
1264 796 1332 846 ei,
1372 797 1445 850 qui
1478 795 1590 837 hane

129 873 358 914 enarrandi
398 873 611 913 rationem
655 870 707 910 ad
741 872 1069 925 grammaticam
1111 879 1153 911 et
1185 871 1436 913 historicam
1464 887 1590 914 seve-

129 952 300 991 ritatem
331 957 614 990 revocaturus
647 956 726 988 est.
776 946 905 997 Quod
933 949 1007 1004 qui
1033 957 1131 1004 post
1154 947 1445 990 Heineckium
1471 951 1589 1000 (nam

127 1025 404 1078 Heinrichii‚
450 1027 536 1068 viri
569 1024 823 1076 clarissimi,
879 1040 1011 1082 opera
1034 1028 1078 1067 in
1108 1028 1260 1082 paucis
1289 1026 1399 1068 locis
1430 1026 1590 1069 substi-

126 1106 202 1159 tit)
234 1106 380 1146 facere
412 1112 592 1146 conatus
614 1112 695 1155 est,
727 1103 923 1155 Weber,
954 1106 998 1145 in
1026 1105 1082 1146 iis
1110 1104 1246 1157 locis,
1286 1120 1393 1161 quos
1422 1106 1468 1146 in
1498 1107 1591 1147 aui-

126 1182 504 1225 madversionibus
548 1183 730 1224 editioni
759 1196 848 1224 suae
889 1182 1099 1225 subiectis
1132 1185 1360 1237 tractavit,
1393 1184 1588 1227 voluisse

128 1262 236 1304 mihi
270 1263 412 1318 magis
444 1262 643 1312 videtur,
688 1275 815 1317 quam
841 1263 1039 1317 potuisse
1055 1263 1110 1315 ¹).

218 1443 298 1478 quae
327 1430 541 1466 Herminius
566 1430 612 1464 de
637 1442 704 1465 suo
733 1431 950 1474 adnotavit,
978 1432 1085 1465 velut
1111 1442 1190 1476 quae
1215 1430 1261 1465 de
1285 1430 1423 1466 mensis
1447 1431 1590 1467 Romu-

218 1505 355 1529 norum
380 1491 566 1537 Rupertio
592 1492 700 1526 docte
727 1493 940 1537 exposuisse
960 1492 1109 1526 videtur
1134 1493 1179 1526 ad
1208 1493 1238 1534 Ι,
1267 1492 1356 1535 137,
1387 1493 1492 1527 cuius
1518 1492 1594 1528 loci

222 1559 379 1600 propter
412 1554 512 1588 hane
551 1553 671 1598 ipsam
707 1563 845 1587 vanam
883 1558 920 1588 ct
946 1554 1141 1588 confusam
1167 1553 1377 1587 doctrinam
1406 1554 1592 1588 sententia

216 1615 412 1650 intellecta
437 1626 510 1648 non
541 1618 606 1648 est.
643 1614 772 1658 Neque
801 1613 901 1648 enim
928 1615 1153 1657 luxuriosos,
1184 1614 1247 1660 qui
1272 1626 1348 1649 una
1374 1627 1502 1650 mensa
1528 1615 1590 1649 vel

221 1678 330 1710 lance
355 1676 585 1722 patrimonia
610 1680 691 1710 tota
717 1676 930 1718 absumant,
980 1681 1093 1721 poeta
1117 1681 1234 1718 notat,
1284 1676 1348 1710 sed
1375 1676 1590 1711 luxuriosos

223 1749 378 1780 avaros,
416 1737 501 1782 qui,
539 1748 654 1781 quum
679 1738 818 1770 multos
844 1741 880 1770 ct
910 1736 1066 1772 eximios
1092 1739 1201 1772 orbes
1229 1747 1446 1771 mensarum
1472 1738 1592 1771 habe-

221 1804 309 1841 ant,
346 1811 420 1833 non
446 1799 574 1844 plures
597 1807 744 1832 mensas
768 1801 929 1842 ponant,
969 1810 1047 1843 quoe
1074 1800 1251 1845 ponenda:
1281 1802 1402 1832 essent
1427 1799 1592 1833 convivis

217 1860 418 1902 adhibitis,
459 1859 523 1894 sed
548 1870 684 1901 unam,
727 1858 801 1893 sibi
824 1859 1100 1903 sufficientem3
1141 1853 1213 1894 soli
1243 1856 1342 1894 eriim
1366 1860 1594 1904 sumptuosis

219 1921 342 1965 epulis
371 1921 590 1966 indulgent,
643 1921 775 1955 codem
809 1920 865 1955 rei
890 1921 1092 1955 familiaris
1120 1922 1269 1955 damno.
1319 1922 1413 1954 Erat
1441 1921 1592 1955 omnino

190 1981 437 2015 'lleuninius
468 1980 706 2014 Almerovoni
731 1981 843 2014 amici
879 1981 938 2014 sui
971 1981 1125 2022 similis,
1176 1981 1281 2014 cuius
1314 1982 1518 2014 doctrinam
1557 1985 1594 2015 et

221 2041 410 2075 lectionem
438 2042 578 2073 variam
603 2045 638 2073 et
664 2042 700 2073 in
726 2042 881 2074 diversis
907 2041 1140 2075 collectaneis
1167 2041 1215 2073 ad
1240 2051 1315 2073 rem
1342 2052 1477 2074 omnem
1505 2042 1592 2076 lite-

218 2102 358 2136 rarium
393 2100 635 2144 conficiendis
673 2102 831 2135 laborem
865 2102 998 2136 laudat
1039 2103 1081 2136 P.
1121 2102 1361 2135 Burmannus
1397 2101 1592 2138 Secundus

220 2173 278 2208 ep.
306 2162 468 2196 dedicat.
497 2166 584 2195 ante
608 2161 761 2196 Antliol.
790 2163 872 2197 Lat.
897 2163 926 2196 Ι.
955 2175 989 2208 p.
1019 2174 1136 2204 κων,
1165 2162 1295 2196 iudicii
1319 2163 1529 2198 subtilitate
1555 2168 1593 2199 et

218 2227 397 2257 accurata
422 2222 634 2256 eruditione
662 2222 870 2257 destitutus.
946 2223 1019 2257 Sed
1054 2223 1195 2258 similia
1227 2222 1295 2257 alii
1328 2224 1592 2266 committunt3

217 2285 324 2319 velut
350 2283 431 2329 quis
460 2284 561 2318 ferat
588 2283 799 2318 etiamnum
833 2284 872 2318 in
900 2284 1178 2319 commentariis
1204 2284 1384 2329 Rupertii
1433 2286 1501 2329 (ad
1529 2287 1592 2327 vt,

219 2345 309 2389 469)
366 2344 604 2380 circumferri
630 2345 842 2381 scholiastae
874 2345 913 2380 in
936 2357 978 2380 re
1003 2344 1199 2380 notissima
1223 2356 1393 2382 errorem
1419 2347 1465 2382 de
1488 2348 1590 2394 Pop-

223 2417 304 2452 paea
328 2406 366 2441 in
396 2407 571 2441 exsilium
594 2406 740 2441 missa?

160 2467 199 2512 ²)
223 2468 355 2513 Inique
378 2468 522 2502 dictum
556 2468 629 2502 hoc
655 2467 776 2502 videri
801 2471 945 2513 potest,
989 2470 1092 2502 certe
1118 2478 1191 2502 non
1227 2479 1320 2514 opus
1354 2467 1470 2503 fuisse
1507 2468 1594 2504 dici.

223 2529 299 2565 Sed
332 2529 372 2564 in
410 2530 530 2564 foedis
565 2529 643 2564 illis
675 2529 938 2564 laudationum
963 2541 1032 2576 per
1063 2529 1322 2575 ephemerides
1349 2530 1595 2565 Germanicas

221 2591 393 2626 sordibus
426 2594 463 2625 et
498 2590 655 2626 levitate
703 2595 741 2626 et
772 2589 812 2626 in
847 2591 921 2626 hac
954 2590 1143 2626 scribendi
1190 2595 1228 2626 et
1266 2596 1438 2627 veterum
1478 2603 1594 2637 opera

223 2652 358 2687 edendi
403 2651 609 2687 sedulitate
651 2657 798 2687 rectum
832 2652 928 2687 mihi
962 2653 1113 2688 videtur
1155 2652 1345 2688 interdum
1390 2664 1520 2688 severe
1556 2657 1593 2688 et

224 2717 376 2759 aperte,
422 2725 496 2748 nou
520 2714 813 2757 contumeliose,
863 2713 981 2760 loqui·
1039 2715 1170 2760 Neque
1194 2715 1318 2757 enim,
1363 2725 1592 2760 quamquam

223 2776 392 2820 qnaedam
426 2786 500 2810 non
534 2776 804 2812 contemnenda
839 2775 954 2819 dixit,
1004 2776 1051 2811 ad
1085 2777 1304 2812 Iuvenalem
1338 2776 1592 2812 enarrandum

226 2839 292 2872 aut
315 2835 452 2874 iustam
478 2836 661 2874 sermonis
695 2836 871 2884 peritiam
900 2837 1071 2875 attulisse
1100 2839 1219 2875 videri
1246 2839 1375 2880 debet,
1427 2836 1490 2883 qui
1523 2836 1589 2881 (ad
