1981 3390
398 237 497 286 362

329 358 491 398 faceret
516 371 690 412 prorsus
712 357 898 399 Tandem
922 363 1030 407 ιέιας
1062 373 1214 400 verum
1240 361 1452 415 quomodo
1482 369 1567 402 tam
1597 361 1773 404 obvium

327 433 588 475 vocabulum
618 444 704 476 tam
733 437 839 476 inire
871 445 1118 491 corruptum
1150 437 1314 496 dicam,
1345 437 1509 485 haer-003
1545 439 1656 494 quod
1692 440 1776 480 dici

327 511 443 552 idem
476 512 528 552 de
562 512 719 552 deinde
752 520 894 566 potest
914 514 970 560 ι).

444 586 662 629 Minutum
707 595 797 637 est,
841 586 1131 628 adnotandum
1171 596 1314 630 tamen
1353 598 1527 645 propter
1569 589 1778 646 loquendi

328 664 708 713 consuetudinem,
758 677 793 703 c.
835 664 914 713 44,
958 665 1014 703 97
1057 664 1102 704 in
1145 664 1311 705 verbis:
1348 670 1393 706 in
1424 662 1693 720 supellectile
1731 667 1776 708 C.

338 740 484 781 Verris
511 742 646 779 veteri
663 739 867 780 Lambini
891 739 1027 780 codici
1059 754 1307 794 praenomen
1339 743 1545 783 retinenti
1573 744 1776 784 accedere

325 816 617 857 Parisiensem
656 831 682 857 a
721 815 939 870 Krarupio
982 815 1211 867 collatum,
1250 818 1287 857 si
1327 818 1454 858 modo
1498 820 1536 858 is
1579 819 1778 860 diversus

326 901 417 940 est3
465 895 585 943 (nam
629 902 855 948 perspecta
894 894 1178 933 similitudine
1214 894 1408 934 codicum
1444 894 1772 945 parisiensium,

325 971 464 1011 maior
503 978 590 1019 est,
633 984 760 1024 quam
801 978 954 1020 antea,
996 969 1234 1020 dubitatio,
1277 985 1360 1025 quo
1390 971 1629 1013 Lambinus
1673 986 1776 1012 usus

325 1046 415 1098 sit).
477 1044 533 1086 Et
562 1047 832 1087 retinendum
866 1047 1035 1087 videtur
1068 1045 1122 1086 ob
1156 1061 1250 1087 eam
1280 1049 1445 1102 ipsam,
1486 1064 1613 1103 quam
1646 1049 1776 1089 Zum-

322 1124 440 1177 ptius
470 1124 515 1162 in
548 1124 781 1164 omissione
811 1124 1000 1177 reperire
1029 1121 1114 1162 sibi
1137 1123 1321 1174 videtur,
1352 1133 1619 1178 contemptus
1641 1127 1778 1180 signi-

326 1197 588 1253 ficationem.
662 1198 774 1240 Nam
809 1201 969 1240 omisso
1000 1201 1264 1252 praenomine
1297 1201 1406 1241 nihil
1441 1202 1573 1242 habet
1603 1203 1776 1256 insigne

322 1275 476 1317 Verris
511 1289 623 1330 saepe
652 1277 715 1316 sic
745 1277 1070 1316 commemorati
1099 1275 1364 1331 appellati03
1399 1278 1568 1328 addito,
1604 1286 1776 1319 notatur

322 1353 497 1407 proprie
529 1352 658 1392 homo
695 1351 826 1408 (quod
868 1351 966 1393 fieri
1014 1353 1165 1393 eodem
1211 1355 1336 1394 modo
1371 1356 1415 1394 in
1449 1354 1567 1395 claro
1601 1354 1777 1395 homine

321 1428 497 1484 potest),
527 1430 787 1484 poniturque
817 1431 1057 1470 contrarius
1077 1430 1270 1485 Scipioni
1300 1431 1484 1486 aliisque
1504 1431 1632 1472 claris
1655 1433 1776 1482 viris,

325 1498 686 1560 quemadmodum
714 1506 827 1546 infra
858 1508 928 1557 58,
963 1509 1045 1547 130
1078 1507 1256 1549 dicitur:
1288 1508 1403 1561 qnod
1430 1509 1500 1549 M.
1529 1508 1775 1549 Marcellus

320 1605 377 1613 --
406 1589 699 1632 concesserat,
741 1607 797 1615 --
836 1583 886 1623 id
919 1582 964 1623 C.
1004 1583 1156 1624 Verres
1183 1584 1371 1624 sustulit.
1433 1584 1558 1624 Adde
1590 1585 1670 1634 35,
1702 1586 1773 1627 78.

321 1658 601 1701 simillimum
639 1668 705 1699 est
730 1659 811 1700 hoc
837 1661 954 1714 eius,
985 1661 1095 1715 quod
1120 1674 1251 1714 supra
1275 1660 1327 1700 de
1351 1660 1443 1711 ΙΙΙ,
1475 1662 1554 1712 24,
1586 1663 1642 1701 60
1663 1661 1774 1702 dixi.

441 1734 489 1776 C.
521 1737 601 1786 53,
635 1738 717 1776 118
746 1751 772 1777 a
804 1735 981 1791 reliquis
1014 1736 1165 1786 bonis,
1197 1736 1351 1791 quibus
1385 1738 1548 1777 accedit
1580 1738 1719 1779 Paris.
1749 1753 1775 1779 a

319 1812 550 1867 Krarupio'
570 1813 753 1853 collatus
787 1815 1147 1868 consentiuntque
1182 1815 1311 1853 etiam
1343 1814 1578 1855 deteriores
1595 1814 1772 1871 Huyde-

320 1904 560 1944 coperanus
594 1898 636 1930 et
668 1889 847 1940 Oxou„
889 1904 1000 1930 unus
1035 1891 1234 1930 dissentit
1264 1889 1410 1930 Guelf.
1443 1890 1486 1941 Ι,
1531 1905 1614 1946 quo
1643 1892 1774 1934 Zum-

316 1968 432 2022 ptius
465 1965 654 2007 confisus
683 1967 861 2006 retinuit
896 1981 983 2007 una
1016 1966 1176 2007 Diauae
1206 1973 1250 2007 et
1277 1968 1419 2008 altera
1447 1983 1523 2023 pro
1557 1982 1623 2018 ρο,
1658 1971 1771 2024 quod

315 2045 360 2083 in
390 2043 480 2084 illis
522 2052 610 2094 est,
655 2058 681 2085 a
715 2058 781 2084 me
813 2043 1066 2085 defensum:
1100 2043 1257 2085 De‘unae
1289 2050 1333 2085 et
1360 2045 1530 2096 altera,
1572 2059 1652 2086 nec
1686 2046 1769 2089 hoc

316 2121 552 2175 redarguit.

434 2196 484 2237 In
518 2212 553 2238 c.
583 2200 664 2249 60,
706 2199 788 2238 134
820 2198 1046 2252 Zumptius
1087 2198 1239 2238 incidit
1279 2199 1324 2238 in
1357 2211 1547 2238 errorem
1580 2199 1767 2241 similem

318 2275 436 2322 eius,
480 2288 563 2327 quo
596 2289 677 2329 ego
721 2289 851 2329 quum
882 2275 1088 2328 deceptus
1127 2289 1267 2316 essem
1308 2276 1354 2315 in
1389 2276 1513 2327 epist.
1544 2277 1596 2316 ad
1631 2276 1770 2317 Orell.

315 2364 357 2403 p.
373 2351 443 2399 34,
476 2352 678 2390 revocavi
709 2359 851 2390 tamen
887 2365 953 2390 me
986 2352 1029 2390 in
1059 2351 1279 2391 addendis.
1336 2350 1434 2391 Non
1466 2353 1768 2397 animadversa

318 2428 433 2466 enim
465 2441 568 2466 vera
600 2427 875 2467 distinctione
909 2428 951 2466 in
985 2428 1243 2480 optimorum
1278 2427 1469 2467 codicum
1505 2429 1653 2478 (etiam
1686 2429 1767 2470 Pa-

316 2505 512 2544 risiensis
544 2503 770 2559 Krarupii)
802 2505 1027 2557 scriptura,
1059 2504 1305 2544 necessario
1337 2503 1566 2544 delendum
1595 2509 1766 2559 putavit

317 2589 391 2620 aut
416 2581 535 2634 apud
565 2583 664 2621 illos
693 2590 766 2622 aut
798 2581 916 2634 apud
943 2584 1105 2628 soce'os·,·
1153 2582 1298 2635 itaque
1330 2580 1410 2622 hoc
1442 2583 1658 2636 posterius
1690 2584 1764 2624 de-

345 2705 382 2746 1)
408 2703 528 2737 Paulo
556 2707 638 2748 post
662 2716 692 2738 c.
724 2702 791 2742 38,
816 2702 863 2737 83
891 2702 1099 2746 Zumptius,
1129 2705 1254 2736 utrum
1285 2703 1578 2747 temperatissimi
1601 2715 1647 2738 an
1675 2709 1764 2739 tem.-

404 2765 653 2807 perantissimi
675 2763 911 2798 scribendum
946 2764 1015 2804 sit,
1051 2775 1238 2808 qumi-ens,
1275 2776 1346 2799 non
1373 2764 1653 2807 animadvertit,
1691 2766 1764 2801 hoe

407 2824 444 2860 in
473 2826 599 2861 collat.
626 2827 752 2861 Haun.
779 2823 921 2870 liquido
950 2824 1198 2870 perscriptum
1223 2836 1313 2861 csse.
