1981 3390
429 227 522 276 116

357 348 436 387 rix
467 345 649 402 rogandi
687 355 812 398 sunt,
860 360 913 389 ne
958 350 1134 391 omnino
1175 347 1229 390 de
1272 349 1528 392 auctoritate
1567 346 1802 391 lectionum

355 425 785 481 testimoniorumque
826 439 1004 468 numero
1047 441 1107 468 ex
1142 427 1303 468 selecta
1342 427 1561 480 scripturae
1594 428 1802 468 varietate

355 504 468 557 apud
496 502 712 544 Orellium
739 504 881 556 posita
910 511 1002 544 tuto
1033 518 1080 545 se
1113 505 1304 545 iudicare
1335 518 1462 557 posse
1502 513 1668 558 putent.

473 581 666 622 Primum
712 581 844 635 igitur
887 595 1036 622 veram
1089 581 1284 622 codicum
1340 584 1638 624 auctoritatem
1680 583 1804 638 sequi

354 659 514 708 studui,
545 657 714 707 deinde,
748 664 955 711 quantum
983 659 1094 698 ratio
1120 658 1412 710 permittebat,
1446 662 1703 713 optimorum
1734 675 1804 701 co-

355 736 521 782 dicum3
563 736 635 789 qui
666 734 841 789 quinam
873 743 1018 774 essent
1049 736 1094 775 in
1127 736 1181 774 iis
1212 749 1271 774 ex
1304 735 1372 775 his
1398 737 1491 777 XII
1522 737 1805 788 orationibus,

356 814 399 853 in
437 812 592 868 quibus
643 813 837 854 codicum
881 826 1044 867 genera
1087 811 1317 853 admodum
1359 813 1545 854 discreta
1585 815 1806 867 adparent,

356 889 628 932 intellectum
658 892 745 930 iam
779 904 803 931 a
823 890 1125 943 ‚superioribus
1160 890 1380 931 nonnullis
1411 899 1518 942 erat,
1552 891 1806 944 Garatonio,

355 968 541 1019 Orellio.
626 969 713 1010 Res
749 976 894 1009 tamen
926 970 1066 1024 magis
1097 970 1324 1022 perspicua
1364 978 1456 1010 erat
1483 971 1803 1026 auctoritasque

355 1048 614 1099 optimorum
655 1047 848 1088 codicum
899 1048 945 1087 in
988 1045 1154 1102 aliquot
1201 1047 1469 1089 orationibus
1516 1050 1655 1104 magis
1703 1056 1806 1090 nota

353 1132 452 1178 post
477 1125 667 1167 codicem
698 1124 996 1165 Erfurtensem
1039 1140 1063 1166 a
1094 1124 1321 1168 Wundero
1353 1125 1572 1167 collatum.
1640 1126 1689 1167 In
1716 1140 1804 1167 uno

353 1216 542 1257 genere,
583 1204 628 1243 in
661 1217 744 1257 quo
774 1202 847 1243 vel
878 1205 1063 1256 optimos
1097 1203 1265 1243 codices
1299 1203 1527 1243 admodum
1560 1203 1804 1256 discrepare

352 1281 468 1330 scio,
513 1293 573 1320 ex
604 1293 690 1320 uno
732 1279 895 1319 Erfurt.
937 1278 1170 1320 lectionem
1201 1287 1418 1332 receptam
1458 1287 1626 1320 mutare
1669 1279 1806 1331 nolui,

355 1371 486 1413 quum
513 1364 657 1408 certae,
700 1370 827 1412 quam
863 1369 1083 1411 sequerer,
1129 1358 1311 1398 rationis
1349 1357 1460 1398 nihil
1493 1356 1718 1409 haberem,
1759 1358 1805 1399 in

351 1434 577 1489 particulis
609 1440 675 1486 et,
719 1448 798 1482 ac,
842 1439 983 1489 alque.
1069 1434 1120 1475 In
1164 1435 1263 1475 aliis
1304 1434 1573 1476 orationibus
1607 1437 1689 1476 etsi
1719 1449 1806 1477 non

351 1523 439 1553 tam
468 1513 654 1568 insignis
687 1511 853 1568 aliquot
882 1512 1078 1553 codicum
1109 1514 1360 1565 praestantia
1395 1521 1488 1577 erat
1517 1515 1583 1565 (ut
1604 1515 1648 1554 in
1671 1513 1806 1555 Deio-

351 1592 520 1632 tariana
559 1590 628 1631 illi
660 1590 768 1642 ipsi,
820 1591 894 1645 qui
930 1591 1090 1646 integri
1123 1605 1218 1631 esse
1255 1590 1423 1642 solent,
1473 1590 1586 1641 Erf.,
1634 1589 1804 1642 Colon.,

349 1668 602 1719 Pithoean.,
644 1667 825 1719 D1·esd.,
868 1667 1093 1721 depravati
1137 1676 1180 1709 et
1217 1669 1466 1722 interpolati
1508 1667 1654 1710 multis
1695 1667 1804 1709 locis

351 1750 488 1798 sunt),
518 1754 592 1787 aut
621 1745 744 1787 nulla
770 1746 974 1787 distinc'ta
1001 1746 1195 1787 codicum
1229 1761 1405 1802 genera,
1436 1755 1483 1787 ut
1514 1747 1559 1787 in
1596 1745 1805 1788 Catilina·
1866 1752 1869 1754 “

350 1826 448 1874 riis,
497 1825 755 1879 seiungendi
800 1833 945 1865 tamen
984 1840 1009 1866 a
1041 1825 1220 1880 reliquis
1253 1833 1375 1866 erant
1407 1838 1493 1865 non
1527 1823 1668 1865 solum
1697 1823 1804 1876 ficti,

350 1910 398 1942 ut
409 1901 716 1943 Iannoctianus
741 1910 784 1943 et
806 1902 1061 1959 plerumque
1084 1903 1321 1953 Ursiniani,
1346 1902 1422 1942 sed
1443 1903 1491 1952 ii,
1514 1904 1586 1957 qui
1612 1903 1803 1943 omnium

352 1981 643 2023 recentissimi
672 1981 931 2021 coniecturis
965 1965 1202 2021 levissimis
1235 1980 1390 2021 menda
1420 1979 1652 2030 occultant,
1679 1988 1726 2020 ut
1759 1981 1804 2021 in

349 2058 570 2114 plerisque
599 2058 853 2109 Franciani,
895 2056 1150 2108 Barberini,
1192 2056 1282 2098 alii.
1362 2057 1447 2100 Sed
1476 2072 1572 2099 cum
1602 2057 1683 2099 hac
1713 2065 1805 2099 tota

351 2137 622 2177 auctoritatis
648 2137 986 2193 investigatione
1012 2136 1194 2177 rationis
1218 2137 1558 2191 exquisitionem
1580 2137 1805 2186 coniunxi,

443 2250 508 2285 nia
532 2250 681 2292 Fae'rni‚
719 2251 872 2293 Mureti,
906 2251 1104 2285 Garatonii
1138 2256 1286 2286 secutus
1321 2263 1416 2285 sum.
1481 2253 1594 2286 Velut
1618 2252 1647 2292 1,
1673 2249 1730 2292 12,
1757 2249 1805 2285 29

445 2313 543 2356 quod
577 2311 742 2346 Orcllius
777 2315 956 2356 tanquam
992 2323 1010 2344 c
1036 2310 1217 2344 Vaticano
1257 2312 1394 2353 edidit,
1439 2312 1547 2353 fama
1581 2312 1802 2350 meritorum,

388 2408 392 2411 ,
440 2373 608 2408 Faernus
633 2373 671 2407 in
695 2385 761 2407 suo
791 2373 952 2417 quodam
980 2370 1105 2405 codice
1133 2371 1286 2416 reperit,
1324 2371 1361 2404 in
1389 2371 1583 2412 Vaticano,
1610 2375 1650 2404 ut
1674 2371 1712 2404 in
1742 2382 1803 2405 cc-

440 2433 542 2476 teris,
563 2435 670 2476 fania
695 2434 824 2468 abesse
848 2433 927 2478 ipse
949 2435 1105 2466 testatus
1135 2436 1199 2466 cst.
1260 2433 1302 2466 In
1328 2432 1548 2477 Philippicae
1573 2432 1740 2466 secundae
1768 2443 1800 2466 c.

439 2494 499 2537 18,
525 2494 570 2528 45
593 2494 678 2528 inde
711 2505 734 2528 a.
764 2495 927 2528 Grutero
954 2493 1097 2527 editur:
1127 2497 1266 2527 tantum
1292 2493 1381 2526 enim
1407 2505 1444 2526 se
1469 2505 1538 2537 pro
1568 2497 1602 2526 tc
1630 2493 1802 2526 interces-

444 2555 547 2596 sisse,
575 2555 724 2595 omisso,
751 2555 847 2600 quod
866 2555 1085 2596 addebatur,
1112 2555 1266 2597 (licebat,
1293 2555 1532 2593 auctoritate,
1560 2557 1602 2587 ut
1624 2553 1803 2596 creditur,

441 2616 557 2651 trium
583 2617 688 2651 codd.
709 2616 889 2650 Ferrarii.
952 2616 1023 2650 Sed
1048 2615 1257 2656 Ferrarius,
1284 2627 1398 2661 quum
1426 2614 1565 2649 editum
1591 2618 1686 2648 essct
1711 2613 1802 2647 enim

437 2689 509 2722 pro
545 2681 580 2711 te
615 2678 881 2716 intercessisse,
916 2677 953 2711 in
983 2677 1059 2710 illis
1085 2676 1162 2722 legi
1187 2677 1278 2710 enim
1309 2688 1346 2710 sc
1370 2688 1436 2721 pro
1477 2680 1512 2709 tc
1549 2674 1800 2709 intercessisse

443 2737 536 2773 dixit
561 2739 867 2783 confirmavitque
887 2737 1117 2772 locutionem
1143 2739 1338 2784 exemplo;
1363 2738 1409 2771 dc
1431 2737 1546 2771 verbo
1573 2735 1716 2769 dicebat
1741 2735 1799 2769 ni-

443 2798 500 2832 hil
527 2799 676 2834 omnino
701 2798 905 2834 adnotavit.
958 2800 1102 2845 Itaque,
1131 2799 1200 2834 etsi
1227 2803 1347 2844 potest
1372 2799 1515 2840 abesse,
1541 2796 1648 2833 nulla
1674 2800 1798 2833 tumen

443 2870 509 2895 nec
535 2861 755 2899 auctoritate
781 2871 848 2897 nec
876 2870 986 2898 causa
1013 2861 1189 2898 omissum
1216 2865 1281 2896 est.
