1981 3390
486 277 580 325 173

414 403 583 437 notatas
636 395 796 437 habere
837 398 1070 450 scripturas
1116 394 1223 436 utile
1277 402 1416 445 esset,
1469 406 1597 448 quum
1639 406 1694 436 ne
1741 407 1853 438 unus

415 473 588 527 quidem
620 474 664 514 in
695 474 774 514 hac
801 474 996 513 oratione
1029 471 1260 526 diligenter
1293 469 1476 511 collatus
1509 468 1564 509 ab
1597 469 1697 511 aliis
1726 471 1783 511 sit
1799 471 1853 524 ¹).

412 549 507 604 Ego
553 548 635 590 hoc
674 549 773 590 *loco
815 548 1028 589 delectum
1074 561 1248 597 eorum,
1288 548 1340 587 de
1384 545 1538 601 quibus
1579 547 1745 597 dicam,
1787 548 1855 588 sic

411 626 697 675 moderabor,
737 634 806 674 ut,
839 626 876 664 si
911 624 1036 678 quid‚
1069 624 1179 677 quod
1215 638 1297 678 ego
1328 638 1628 673 correxeram,
1663 623 1733 664 vel
1768 624 1855 664 ‹lis-

410 703 600 756 putando
633 701 704 742 vel
733 700 887 741 saltem
920 700 1224 739 auctoritatum
1254 700 1619 740 demonstratione
1653 714 1679 740 a
1712 701 1854 740 Stein-

411 779 570 818 metzio
603 775 901 818 confirmatum
937 783 1027 824 est,
1070 775 1113 814 id
1147 789 1232 815 non
1264 777 1498 829 attingam,
1543 776 1625 815 etsi
1654 785 1753 815 sunt
1785 775 1854 816 hic

411 853 528 903 illic,
562 868 654 908 quae
688 854 786 894 addi
816 851 887 893 vel
922 865 1014 906 quae
1045 852 1205 905 corrigi
1235 853 1416 906 possint.
1477 850 1613 892 Velut
1631 865 1708 905 pro
1727 851 1854 893 Rosc-

410 932 614 972 Amerino
659 934 712 980 6,
755 932 810 970 17
851 937 968 969 recte
1011 928 1143 969 edidit
1188 942 1247 968 ex
1288 926 1507 968 codicibus
1551 941 1674 981 paene
1718 929 1854 968 onmi-

411 1007 512 1048 bus:
569 1011 646 1062 qni
689 1012 792 1047 aute
833 1004 945 1045 hauc
998 1018 1188 1059 pugnum
1231 1008 1316 1045 tiro
1366 1009 1499 1055 esset,
1552 1004 1668 1059 quod
1706 1008 1855 1054 sciam,

397 1083 549 1133 facile
591 1087 727 1136 ipsum
777 1085 1029 1136 magi-elram
1079 1082 1240 1121 scelere
1291 1080 1564 1135 audaciaque
1615 1085 1852 1134 superavit,

370 1157 375 1163 “
407 1174 487 1214 pro
521 1173 600 1210 eo,
642 1160 753 1214 quod
791 1158 925 1213 vulgo
965 1158 1105 1198 editur
1146 1171 1224 1197 nec
1266 1159 1310 1196 in
1354 1156 1443 1197 ullo
1474 1166 1539 1197 est
1571 1157 1737 1198 codice:
1768 1161 1852 1198 tiro

409 1242 521 1276 esset
558 1239 765 1286 scientia,
796 1234 948 1284 facile
991 1243 1072 1274 etc.
1144 1232 1236 1273 Nec
1274 1242 1417 1273 tamen
1461 1233 1542 1274 hoc
1585 1235 1690 1274 satis
1732 1248 1852 1275 coar-

409 1314 526 1366 guit,
570 1312 678 1352 illud
722 1311 1052 1351 commendavit.
1125 1309 1235 1350 Nam
1274 1317 1317 1349 et
1368 1310 1507 1349 omnis
1549 1311 1632 1350 tiro
1671 1311 1854 1352 scientia

409 1388 508 1439 (hoc
534 1397 623 1439 est,
667 1396 758 1428 arte
789 1395 831 1427 et
863 1385 1197 1438 exercitatione)
1231 1387 1312 1426 tiro
1340 1394 1430 1435 est,
1475 1393 1518 1425 et
1562 1386 1712 1426 eadem
1756 1389 1855 1441 ipsa

406 1480 453 1505 re
493 1464 675 1506 Roscius
715 1463 929 1519 Magnus,
969 1477 1052 1517 qua
1095 1463 1177 1501 tiro
1227 1470 1365 1512 esset,
1407 1463 1661 1517 magistrum
1695 1463 1852 1504 vicisse

407 1541 491 1581 dici
521 1540 727 1590 debebat,
771 1554 856 1580 non
886 1539 1010 1587 aliis3
1055 1540 1417 1592 suspiciosissime
1458 1547 1602 1579 autem
1646 1548 1687 1579 et
1734 1554 1854 1580 acer-

406 1616 584 1657 bissime
646 1617 801 1657 dicitur
849 1616 965 1671 quod
1011 1618 1169 1662 scimn3
1235 1613 1453 1669 significat
1509 1616 1624 1656 enim
1694 1625 1852 1666 orator,

406 1694 590 1734 fortasse
624 1692 759 1734 latere
792 1695 836 1733 in
866 1694 957 1733 vita
988 1690 1140 1746 Magni
1169 1690 1337 1731 scelera
1366 1700 1465 1731 ante
1497 1692 1741 1741 commissa,
1773 1692 1848 1734 sed

405 1770 489 1811 sibi
519 1772 681 1825 ignota.
746 1759 925 1811 Deinde'
949 1768 1062 1823 quod
1094 1768 1262 1808 codices
1295 1776 1467 1808 secutus
1499 1781 1623 1821 quum
1650 1776 1743 1823 post
1777 1771 1856 1823 qui

406 1848 577 1897 omisit-‚
616 1854 732 1886 recta
772 1861 848 1900 per
883 1860 929 1886 se
975 1853 1039 1885 est
1079 1846 1318 1894 sententia,
1361 1844 1436 1884 sed
1476 1858 1572 1884 cum
1612 1845 1852 1898 superiore,

434 2017 473 2062 ¹)
504 2019 587 2051 Una
614 2021 668 2052 est
702 2028 745 2052 cx
771 2018 848 2052 illis
875 2017 1063 2051 codicibus
1098 2017 1134 2051 in
1169 2028 1212 2051 ea
1237 2017 1406 2052 oratione
1433 2020 1624 2062 protracta
1649 2015 1853 2062 singularis

492 2079 605 2112 lectio
638 2091 667 2111 c.
691 2078 757 2120 12,
785 2077 850 2111 33:
878 2090 956 2121 quoe
978 2080 1096 2120 (mors
1125 2078 1314 2120 Scaevolae)
1339 2081 1480 2110 tantum
1503 2077 1644 2121 potuit,
1672 2081 1710 2110 ut
1734 2087 1853 2110 omnen

495 2140 637 2171 occisus
669 2139 877 2181 perdiderit
912 2143 947 2171 et
983 2138 1164 2179 afflIxerit
1202 2149 1269 2182 pro
1297 2138 1476 2181 vulgato:
1522 2141 1564 2170 ut
1600 2148 1719 2170 omnes
1755 2137 1850 2169 cives

495 2210 580 2231 suos
612 2199 818 2241 perdiderit
848 2203 883 2231 et
918 2197 1109 2239 afflixerit.
1159 2197 1384 2240 Corruptela
1412 2196 1647 2231 manifestior
1671 2197 1712 2230 fit
1736 2197 1849 2242 paulo

494 2268 525 2290 c.
553 2257 619 2297 23,
647 2259 708 2291 64.
759 2258 915 2290 Frustra
941 2257 1104 2290 Orellius
1134 2258 1350 2300 (Sclioliast.
1379 2256 1454 2289 Cic.
1482 2256 1518 2289 11
1545 2269 1580 2300 p.
1607 2256 1695 2298 42·)
1721 2267 1852 2291 corru-

496 2315 707 2359 ptissimum
743 2316 886 2355 locum,
923 2316 986 2359 qui
1020 2320 1074 2348 est
1101 2328 1131 2348 c.
1165 2317 1209 2356 5,
1244 2317 1308 2357 11,
1347 2315 1560 2348 restitutum
1597 2328 1694 2349 nunc
1730 2319 1850 2360 putat,

496 2375 562 2408 ubi
589 2387 636 2409 ne
659 2375 799 2420 species
827 2374 975 2418 quidem
999 2374 1189 2407 sententiae.
1216 2379 1281 2408 cst.
1332 2373 1427 2417 Quid
1456 2378 1511 2406 est
1535 2373 1634 2408 enim
1658 2376 1850 2418 maleficiis

497 2440 531 2468 et
556 2435 736 2479 sanguine
754 2435 981 2467 dimissorum
1009 2433 1065 2476 (id
1088 2438 1155 2474 cst,
1181 2437 1222 2467 ut
1238 2433 1544 2476 interpretantur,
1568 2439 1720 2477 propter
1736 2435 1848 2468 malc-

491 2495 603 2538 fioa'a)
623 2495 715 2537 fieri
737 2493 993 2538 quoestionem?
1018 2495 1092 2527 Aut
1116 2492 1267 2537 quinam
1295 2492 1352 2525 illi
1383 2492 1522 2525 dimissi
1549 2497 1584 2527 et
1613 2494 1693 2538 quis
1719 2505 1848 2529 eorum

488 2554 675 2600 sanguis?
698 2555 738 2588 C.
764 2555 821 2594 46,
848 2553 917 2587 133
941 2564 1024 2586 cum
1052 2554 1130 2586 cod.
1160 2553 1196 2586 S.
1228 2552 1321 2586 Vict.
1351 2552 1579 2586 Pan-isicnses
1604 2553 1664 2587 illi
1690 2553 1850 2598 vestigia

490 2614 628 2649 veteris
648 2614 838 2657 scripturae
858 2613 991 2647 melius
1012 2618 1340 2654 conservaverunt,
1370 2612 1554 2656 exquibus
1567 2612 1732 2657 vestigiis
1744 2618 1849 2647 recte

488 2674 697 2709 Steinmetz
710 2674 843 2708 edidit:
873 2673 1217 2717 quiproetereuntcs,
1237 2674 1452 2717 quidproeco
1465 2677 1700 2712 enumeraret,
1718 2673 1846 2706 audie-

493 2734 607 2775 batn,-
641 2739 786 2769 tantum
814 2733 1048 2767 enumerandi
1070 2733 1227 2766 verbum
1257 2738 1386 2778 aptum
1420 2744 1493 2767 non
1521 2736 1587 2767 est.
1645 2733 1729 2776 lpse
1754 2731 1848 2766 oliuu

495 2794 747 2829 omnicoetum:
776 2794 861 2837 quid
885 2804 1005 2837 praeco
1027 2794 1283 2839 pronuntiaret
1292 2805 1306 2834 ‚-
1343 2792 1382 2828 in
1407 2792 1591 2835 editione,
1616 2791 1740 2828 nescio
1766 2801 1847 2834 cur,

497 2864 578 2889 eam
604 2854 848 2900 suspicionem
876 2853 1002 2897 prensi.
