1981 3390
375 212 443 260 88
1174 227 1181 249 κ

309 332 521 383 discessit,
552 330 843 384 Niebuhrius,
869 345 1008 388 neque
1035 333 1198 387 apertis
1228 331 1488 372 testimoniis
1513 328 1634 372 illam
1668 335 1756 386 opi-

310 411 486 451 nionem
514 424 653 465 neque
682 411 883 464 vestigiis
906 410 1150 452 manifestis
1173 407 1468 458 confirmavit3
1499 423 1592 461 nec,
1622 409 1660 450 si
1682 407 1763 449 illa

310 489 456 544 poesis
494 488 674 537 fuisset,
740 488 943 528 cessisset
980 486 1124 528 subito
1156 487 1254 528 rudi
1283 486 1444 529 Graecae
1483 489 1589 528 artis
1621 488 1763 528 imita·
1811 492 1814 494 ’

313 567 438 617 tioni,
464 579 556 621 quae
588 579 642 605 ne
675 572 828 620 postea
859 565 1030 619 quidem
1057 567 1164 606 satis
1192 565 1353 621 ubique
1377 564 1586 621 populum
1617 574 1764 606 tenere

314 644 566 697 radicesque
612 655 741 696 agere
783 643 949 695 potuit,
1009 651 1057 682 ut
1095 644 1139 683 in
1182 645 1354 684 scenica
1408 644 1532 699 poesi
1573 650 1764 698 apparet.

316 720 467 774 Itaque
501 718 623 770 mihi,
653 727 701 758 ut
730 717 881 758 eadem
911 719 1104 774 imagine
1134 727 1255 769 utar,
1288 735 1371 774 qua
1399 721 1504 761 olim
1533 720 1764 761 utebantur

315 800 360 838 in
393 797 575 837 historia
617 795 842 837 literarum
885 795 1141 838 Latinarum
1180 797 1235 838 ad
1274 805 1514 852 temporum
1553 799 1766 838 rationem

316 874 638 925 distribuenda,
699 873 821 914 nulla
856 874 1025 915 videtur
1050 888 1147 915 esse
1179 873 1332 914 harum
1362 873 1585 915 literarum
1620 873 1767 915 adole-

318 954 508 1003 scentia,
541 953 624 993 etsi
653 951 799 1007 aliqua
830 953 912 993 fuit
943 952 1062 993 rudis
1092 961 1218 1000 aetas3
1250 951 1342 992 haec
1373 954 1488 994 enim
1518 954 1563 993 in
1597 967 1649 994 eo
1680 952 1769 994 ela-

321 1030 527 1081 borabat,
575 1037 627 1070 'nt
664 1031 940 1086 peregrinam
973 1029 1218 1091 *literarum
1268 1029 1544 1072 excultarum
1585 1029 1771 1071 formam

321 1109 511 1150 nondum
540 1116 782 1163 praeparata
813 1109 864 1149 ad
897 1122 992 1149 eam
1023 1122 1116 1150 rem
1149 1109 1332 1149 materia
1366 1116 1410 1149 et
1447 1107 1676 1149 elementis
1716 1108 1771 1149 ad

323 1201 369 1228 se
403 1187 681 1234 transferret3
714 1185 1008 1227 adolescentia
1041 1195 1187 1227 autem
1218 1200 1272 1227 ea
1301 1185 1472 1226 videtur
1499 1185 1773 1240 appellanda,

322 1279 453 1320 quum
485 1265 710 1317 ingenium
752 1262 895 1303 alacre
927 1272 971 1303 et
1004 1271 1209 1318 vegetum
1242 1277 1268 1303 a
1296 1264 1448 1316 primis
1476 1261 1774 1303 conaminibus

321 1354 601 1397 progressum
635 1341 750 1380 vires
779 1348 957 1381 exercet
989 1354 1181 1396 opesque
1210 1341 1370 1395 promit
1399 1348 1443 1380 et
1472 1340 1650 1392 formas,
1681 1341 1774 1396 qui·-

322 1419 403 1460 bus
434 1432 495 1459 ete
525 1419 848 1468 contineantur,
886 1420 1029 1472 ipsum
1064 1418 1150 1459 sibi
1178 1417 1331 1473 fingit,
1361 1432 1448 1459 non
1477 1419 1570 1459 sine
1600 1417 1774 1474 legibus

323 1501 442 1548 (nam
471 1505 562 1537 tum
588 1510 757 1551 quoque
792 1494 914 1550 leges
947 1497 1170 1551 sequitur,
1225 1509 1331 1551 quas
1362 1497 1457 1551 ipsa
1486 1504 1639 1537 natura
1668 1508 1777 1552 praea

323 1575 488 1626 scribit,
528 1587 687 1629 easque
721 1574 883 1614 sensim
915 1588 999 1614 non
1026 1572 1173 1614 verbis
1205 1573 1281 1614 sed
1310 1574 1416 1628 ipsis
1459 1573 1664 1628 operibus
1696 1588 1774 1614 ex-

323 1655 469 1710 primit
502 1662 545 1694 et
577 1652 814 1707 proponit.)
878 1651 954 1691 sed
991 1650 1138 1706 legum
1170 1660 1314 1692 tamen
1356 1651 1545 1692 nondum
1576 1665 1775 1708 gnarum,

327 1741 370 1773 et
402 1733 463 1772 ita
494 1739 541 1771 ut
572 1731 715 1785 operis
756 1731 824 1770 sui
855 1731 1064 1770 rationem
1105 1728 1190 1770 sibi
1225 1743 1311 1770 non
1356 1729 1520 1770 reddat.
1605 1729 1775 1771 Latinis

328 1823 458 1865 quum
488 1808 580 1849 haec
611 1821 698 1847 suae
732 1808 880 1848 sormae
915 1805 1128 1862 fingendae
1163 1808 1256 1848 sive
1293 1809 1529 1848 necessitas
1572 1808 1666 1847 sive
1706 1821 1775 1848 oc-

329 1887 447 1928 casio
488 1869 721 1941 legumque
758 1900 844 1926 non
878 1885 1274 1941 cognoscendarum
1315 1885 1391 1926 sed
1423 1884 1774 1940 reperiendarum

329 1973 480 2019 erepta
510 1972 645 2013 esset,
706 1962 890 2003 celerius
917 1978 968 2004 eo
1001 1971 1321 2018 pervenerunt,
1385 1972 1433 2003 ut
1465 1964 1511 2002 in
1553 1961 1692 2003 literis
1725 1962 1777 2002 de

330 2057 409 2084 sua
440 2056 573 2097 opera
604 2042 783 2096 eiusque
813 2042 1003 2092 ratione,
1036 2040 1202 2091 forma,
1234 2039 1434 2095 legibus,
1478 2040 1625 2094 aliquo
1653 2039 1779 2081 modo

330 2122 593 2176 cogitarent3
623 2133 761 2174 neque
788 2120 902 2159 enim
931 2118 1081 2159 eadem
1111 2126 1178 2158 est
1209 2117 1502 2169 meditationis
1531 2119 1615 2169 vis,
1648 2132 1778 2173 quum

331 2199 492 2239 sensim
532 2195 687 2246 rebus,
745 2210 851 2251 quas
894 2198 981 2251 ipsi
1018 2203 1275 2246 tractamus,
1332 2193 1587 2250 cogentibus
1634 2203 1781 2237 nostra

334 2284 486 2331 sponte
520 2274 573 2314 ad
602 2287 697 2314 eam
727 2273 1001 2323 deducimur,
1066 2280 1109 2312 et
1138 2286 1268 2327 quum
1309 2285 1362 2313 ea
1402 2285 1489 2312 non
1521 2271 1664 2312 solum
1701 2273 1780 2313 im-

334 2353 513 2410 pellitur
545 2350 744 2402 aliunde,
785 2350 886 2401 sed,
921 2348 1076 2406 quibus
1108 2348 1383 2405 aliquatenus
1412 2348 1496 2390 sibi
1526 2349 1778 2400 satisfaciat,

335 2440 487 2488 parata
519 2429 572 2471 ab
605 2428 704 2470 aliis
735 2430 903 2484 accipit.
986 2427 1071 2469 Sed
1102 2426 1201 2468 hinc
1238 2426 1324 2468 alia
1357 2435 1608 2482 sequuntur.
1687 2428 1780 2469 Pri-

338 2524 454 2552 mum
484 2510 570 2550 iam
600 2521 686 2548 non
717 2508 872 2548 mirum
905 2506 1098 2556 videtur,
1133 2505 1245 2562 quod
1276 2507 1370 2561 ipse
1400 2505 1586 2561 populus
1622 2507 1780 2556 minus,

338 2602 465 2645 quam
491 2585 740 2628 Graecorum
770 2584 936 2640 aliquot
966 2593 1144 2639 gentes,
1202 2584 1425 2625 literarum
1457 2584 1672 2639 particeps
1715 2590 1782 2624 est

338 2668 503 2715 factus,
554 2666 637 2705 etsi
668 2665 761 2705 eius
790 2664 854 2704 rei
894 2664 1024 2704 etiam
1057 2661 1154 2703 aliae
1183 2662 1358 2703 fuerunt
1387 2675 1553 2712 causae3
1614 2661 1659 2700 in
1694 2673 1778 2716 quo

337 2743 577 2792 interdum,
611 2743 683 2798 qui
716 2742 929 2791 iudicant,
962 2741 1165 2782 iniuriam
1199 2740 1363 2780 faciunt
1394 2737 1543 2794 populi
1573 2738 1777 2793 ingenio3

342 2822 551 2864 interdum
580 2831 663 2862 non
694 2822 885 2878 potuisse
914 2818 1084 2874 placere
1121 2817 1280 2874 populo
1310 2817 1504 2861 Romano
1538 2816 1775 2871 peregi-inte
