1981 3390
475 240 575 290 434

416 363 468 402 cle
499 360 626 403 rebus
657 360 903 403 domesticis
937 366 1182 411 commati,-
1231 362 1450 416 01·ellius,
1479 365 1694 416 codicem,
1722 375 1770 408 ut
1802 370 1862 409 ait

414 442 459 480 in
490 442 628 491 notis,
656 439 922 480 Bernensem
953 442 1142 494 priorem
1171 450 1344 482 secutus
1383 444 1442 498 (in
1475 443 1708 485 collatione
1749 447 1864 486 eodi-

416 520 476 561 cis
510 519 689 559 editioni
719 517 914 558 subiecta
939 532 990 558 ea
1024 520 1213 559 varietas
1243 534 1327 560 non
1360 523 1563 572 notatim)
1597 522 1751 563 edidit:
1781 522 1864 563 Est

417 601 553 650 igilur
585 602 634 636 ut
663 604 743 636 ete.
819 595 902 634 Sed
934 602 981 633 ut
1011 603 1127 635 reete
1158 595 1393 647 dubitavit,
1427 597 1767 640 Ciceronianene
1800 600 1864 639 di-

414 683 604 716 ceretur:
638 672 771 723 Esto,
801 677 849 711 ut
874 675 961 711 slat
990 686 1067 726 pro
1100 686 1175 720 ee,
1208 673 1319 726 quod
1351 681 1437 714 est:
1462 680 1650 728 positum
1680 681 1758 728 sit,
1792 691 1863 718 eos

415 765 528 801 esse,
560 752 621 790 ita
651 749 787 790 multo
819 750 959 804 magis
993 748 1190 789 dubitare
1220 748 1432 800 debebat,
1459 751 1751 794 dicereturne:
1784 760 1862 805 est,

412 835 461 870 uc
499 832 590 868 sint
625 842 704 882 pro
745 842 822 878 eo,
859 827 970 882 quod
1004 835 1069 867 est
1103 832 1203 867 sant
1226 827 1279 879 1).
1345 827 1540 878 Deinde,
1582 831 1785 884 quoniam
1816 832 1862 871 in

411 906 526 947 Bern
557 907 586 946 2
618 906 829 946 omittitur
857 911 970 955 esl0‚
1001 906 1179 957 opinor,
1221 906 1265 945 in
1295 907 1434 958 primo
1470 907 1634 958 fuisse,
1672 908 1784 962 quod
1817 909 1862 948 in

412 984 650 1025 Parisiensi
689 991 781 1034 est,
819 997 868 1034 e,
908 984 1029 1024 cuius
1068 982 1204 1024 literae
1245 983 1358 1037 (eum
1392 982 1574 1039 lineola)
1613 999 1691 1040 pro
1722 986 1862 1027 estin

436 1156 472 1198 ¹)
500 1156 677 1189 C'onsulto
704 1154 895 1199 quaesitam
930 1154 1020 1189 dicit
1055 1154 1314 1200 periphrasin,
1350 1157 1392 1189 ut
1417 1154 1565 1189 auditor
1591 1155 1628 1189 in
1657 1167 1701 1189 ea
1728 1167 1769 1190 re
1793 1155 1862 1190 im-

503 1221 729 1251 moraretur.
800 1217 840 1249 Id
866 1217 978 1250 homo
1007 1216 1183 1258 Latinus,
1213 1220 1253 1249 ut
1278 1227 1343 1250 nos
1369 1215 1406 1248 in
1427 1215 1561 1250 nostris
1587 1216 1751 1261 linguis,
1779 1218 1862 1250 effi-

503 1278 627 1311 ciebat
651 1288 692 1310 re
727 1276 899 1320 pluribus
926 1277 1051 1310 verbis
1081 1277 1430 1317 commemoranda,
1470 1288 1547 1320 quae
1580 1277 1719 1321 aliquid
1746 1276 1863 1322 signi-

500 1338 678 1378 ficarent,
704 1349 776 1371 nun
801 1337 904 1380 inani
930 1349 1031 1372 sono.
1079 1337 1134 1372 Ne
1165 1337 1201 1370 in
1230 1336 1383 1381 reliquis
1408 1336 1555 1381 quidem
1582 1336 1772 1382 exemplis,
1799 1336 1863 1370 ubi

498 1402 583 1442 post
609 1401 663 1431 est
688 1402 727 1431 ut
755 1397 857 1431 aliud
888 1399 1086 1433 subiicitur
1109 1399 1288 1440 verbum,
1315 1397 1384 1431 nisi
1415 1399 1512 1442 apud
1542 1397 1701 1432 comicos
1727 1402 1762 1432 et
1787 1398 1863 1431 Lu-

501 1460 683 1501 cretium,
719 1458 1001 1494 circumlocutio
1038 1472 1106 1505 pro
1133 1449 1297 1503 simplici
1330 1459 1444 1492 verbo
1475 1463 1552 1499 est-3
1590 1463 1625 1492 et
1650 1459 1748 1502 apud
1778 1458 1864 1493 illos

499 1519 600 1563 ipsos
625 1531 719 1565 saepe
743 1520 937 1565 singulare
961 1516 1053 1564 ἦθος
1077 1521 1146 1554 illa
1169 1519 1348 1554 orationis
1373 1520 1496 1564 figura
1521 1520 1647 1553 habet.
1710 1519 1861 1553 Cicero-

497 1580 554 1614 nis
580 1581 666 1622 loci,
694 1593 784 1626 quos
810 1582 973 1616 afferunt
999 1581 1087 1623 (vid.
1118 1580 1314 1624 Zumptius
1338 1579 1375 1613 in
1404 1581 1570 1613 Gramm.
1598 1581 1614 1624 §
1640 1579 1709 1614 752
1737 1580 1792 1613 ed.
1819 1581 1859 1622 7)

495 1641 647 1686 longius
682 1641 887 1676 discedunt.
948 1643 1044 1676 Nam
1077 1642 1180 1674 Orat.
1208 1641 1274 1681 59,
1302 1640 1393 1681 199,
1429 1640 1459 1674 si
1495 1651 1538 1674 ea
1564 1644 1658 1674 esset
1682 1640 1861 1674 orationis

497 1701 731 1743 coniunctio,
758 1703 1163 1736 saltem'scribereturt
1190 1713 1259 1733 non
1284 1706 1325 1734 ut
1350 1702 1387 1734 id
1413 1701 1549 1740 saluum
1575 1702 1639 1734 sed
1664 1705 1705 1733 ut
1727 1712 1860 1734 conee-

499 1762 620 1796 dentis
647 1774 747 1803 esse,
785 1763 1061 1807 apertissimum
1089 1766 1154 1796 est.
1204 1761 1294 1794 Loci
1318 1762 1364 1794 de
1385 1765 1480 1794 orat.
1505 1761 1564 1802 ll,
1589 1761 1635 1794 36
1659 1760 1762 1804 init„
1788 1772 1860 1806 quo

499 1816 719 1856 Schellerus
745 1824 927 1865 abutitur,
953 1824 1068 1857 aliam
1095 1833 1173 1856 esse
1198 1821 1404 1863 rationem,
1433 1821 1642 1866 apparebit,
1668 1821 1700 1855 si
1724 1822 1862 1856 substi-

498 1884 635 1918 tueris:
662 1884 723 1916 Sic
735 1895 842 1917 seres
855 1885 976 1924 habet,
999 1889 1039 1918 ut
1053 1884 1158 1923 dicis,
1183 1883 1328 1922 Antoni,
1351 1887 1391 1916 ut
1409 1887 1476 1916 etc.
1533 1883 1638 1927 Quod
1654 1895 1720 1927 pro
1733 1882 1861 1918 Caelio

496 1944 564 1986 20,
591 1944 635 1978 218
662 1948 735 1978 est:
772 1946 915 1988 quando
940 1945 1090 1989 (lenique
1110 1945 1211 1987 fuit,
1246 1948 1287 1977 ut
1320 1962 1365 1969 ——
1405 1955 1475 1977 non
1511 1944 1655 1982 liceret,
1693 1943 1858 1978 Orellius

492 2005 573 2050 ipse
597 2005 779 2039 WVunderi
798 2006 921 2040 verbis
947 2007 1080 2040 melius
1108 2004 1296 2050 exposuit3
1333 2005 1528 2048 (nonfuit,
1553 2007 1595 2037 ut
1623 2003 1772 2045 dieitur,
1797 2004 1862 2038 sed

495 2067 641 2110 quando
663 2066 766 2108 fuit,
793 2068 863 2109 ut).
925 2068 981 2101 De
1007 2079 1084 2112 rep.
1112 2067 1168 2108 11,
1202 2066 1226 2099 2
1249 2066 1286 2099 in
1312 2066 1563 2100 contortulzun
1589 2065 1716 2100 Beieri
1741 2066 1858 2111 expli-

495 2127 681 2161 cationem
706 2126 766 2159 vix
791 2127 987 2172 quisquam
1010 2128 1149 2161 iterum
1175 2126 1334 2167 incidet,
1360 2126 1424 2160 ubi
1442 2127 1566 2161 omnia
1583 2126 1860 2172 simplicissima

495 2192 604 2222 sunt:
626 2189 739 2229 samae
764 2188 947 2230 sapienter
973 2200 995 2221 α
1022 2189 1217 2222 maioribus
1240 2187 1417 2231 proditae,
1447 2192 1487 2221 ut
1515 2189 1682 2231 (scilicet
1698 2188 1859 2222 barbare

500 2249 632 2290 addas)
656 2253 877 2292 putarentur
914 2249 1198 2294 (imperfectum
1234 2251 1398 2283 relatum
1433 2249 1478 2282 ad
1514 2250 1689 2282 maiorum
1713 2250 1860 2294 sapiens

496 2309 697 2351 inventum)
726 2307 796 2342 non
834 2311 947 2343 solum
987 2310 1134 2354 ingenio
1176 2321 1252 2343 esse
1291 2311 1437 2350 divino,
1475 2311 1538 2344 sed
1573 2311 1680 2344 etiam
1707 2320 1859 2354 genere.

493 2369 570 2402 Pro
594 2369 721 2402 Caelio
745 2370 903 2413 denique
921 2382 951 2403 c.
975 2370 997 2403 6
1023 2374 1058 2403 et
1084 2381 1150 2413 pro
1176 2370 1257 2403 Mil.
1277 2370 1322 2403 13
1347 2381 1465 2404 eausoe
1491 2371 1714 2415 significatio
1741 2380 1857 2415 agno-

497 2429 634 2462 scenda
660 2433 734 2470 θείς
773 2440 891 2473 neque
926 2428 1024 2462 enim
1060 2429 1106 2460 de
1134 2429 1218 2461 odio
1248 2430 1369 2463 Clodii
1407 2430 1518 2470 dicit,
1554 2431 1616 2464 sed
1655 2431 1700 2463 de
1738 2429 1859 2464 causis

499 2489 586 2523 odii.
645 2489 699 2523 Ne
723 2488 889 2522 Lucretii
917 2488 1066 2533 quidem
1101 2488 1131 2521 is
1169 2489 1297 2530 locus,
1337 2501 1408 2534 quo
1442 2490 1606 2524 oremus
1641 2491 1763 2525 utitur
1797 2493 1859 2535 (V,

499 2548 611 2592 134⁰)
641 2553 750 2594 aptus
779 2553 832 2583 est
857 2550 937 2592 (sed
963 2553 1049 2582 sunt
1073 2548 1140 2582 alii
1167 2548 1245 2582 eius
1271 2550 1349 2595 apti
1376 2551 1490 2594 loci3)
1516 2562 1601 2585 nam
1626 2552 1678 2584 sic
1697 2553 1789 2594 satit,
1818 2556 1858 2586 ut

491 2612 665 2652 facerent
689 2622 761 2644 non
788 2614 863 2644 est:
882 2611 937 2643 sic
959 2611 1143 2651 fecerunt,
1170 2610 1255 2644 sed:
1285 2611 1338 2643 sic
1355 2611 1449 2653 fieri
1467 2612 1604 2655 potuit,
1631 2617 1671 2646 ut
1687 2614 1858 2654 facerent

499 2673 561 2714 (ut
595 2683 722 2706 errore
749 2676 785 2706 et
810 2671 957 2705 inscitia
990 2671 1138 2704 belluas
1170 2670 1409 2716 sibimetipsis
1446 2672 1634 2707 nocituras
1666 2674 1704 2708 in
1731 2675 1856 2709 hostes

499 2737 678 2778 agerent3
716 2732 781 2766 sed
806 2731 958 2777 propius
993 2742 1082 2765 vero
1119 2731 1288 2774 videtur,
1327 2733 1526 2777 prudentes
1562 2734 1793 2779 scientesque
1820 2734 1857 2768 id

496 2793 649 2835 fecisse,
686 2792 834 2827 delendi
867 2791 985 2827 hostis
1018 2793 1078 2825 vel
1106 2804 1189 2826 eum
1222 2804 1289 2828 suo
1319 2793 1472 2830 interitu
1498 2794 1661 2840 cupidos.
1720 2795 1857 2831 Versus

498 2853 719 2889 iata-1315
745 2852 896 2891 aliunde
930 2858 1194 2894 accesserunt.)
