1981 3390
411 226 509 273 213

346 348 528 400 vicoque
561 342 763 395 haberet,
814 357 898 384 uon
941 342 1081 384 solum
1125 344 1418 391 vetustissimo
1452 351 1645 397 tempore
1677 342 1787 385 nihil

344 425 577 471 intererat,
609 421 683 460 sed
715 422 889 461 omnino
923 419 1005 461 hoc
1031 421 1291 460 discriminis
1321 433 1460 475 genus
1490 434 1515 460 a
1548 421 1642 459 iure
1676 421 1787 459 anti-

345 513 527 556 quorum
560 496 817 552 populorum
851 490 1042 537 alienum
1083 504 1196 544 erat3
1254 505 1445 547 tantum,
1486 497 1559 550 qui
1597 497 1643 536 in
1681 494 1787 536 urbe

345 576 590 618 sedentario
642 582 806 627 quaestu
866 574 999 612 vitam
1049 572 1374 623 sustentabant,
1429 575 1543 614 inter
1592 573 1790 613 homines

347 655 442 708 agri
485 650 655 691 colendi
702 657 744 688 et
791 648 899 689 belli
945 649 1160 689 studiosos
1212 649 1416 690 inferiore
1462 651 1789 690 existimatione

347 736 469 770 erant
490 730 542 777 1).
616 725 780 766 Omnes
820 733 989 774 autem,
1045 726 1117 779 qui
1150 725 1338 764 civitatis
1377 728 1610 781 participes
1653 734 1790 775 erant,

347 807 429 861 ipsi
458 803 726 859 publicorum
761 803 1034 856 negotiorum
1068 801 1334 856 agendorum
1372 801 1469 842 loca
1511 810 1790 857 temporaque

349 881 540 924 obibant.
602 879 804 920 Ceterum
838 878 910 918 ubi
943 878 1088 932 plures
1113 886 1234 917 erant
1259 878 1452 918 eiusdem
1473 880 1620 933 stirpis
1641 877 1792 933 populi

349 963 467 1011 (nam
496 956 648 1012 populi
690 954 1005 1010 appellantur),
1049 954 1234 1009 linguae,
1275 969 1443 995 morum
1473 956 1789 996 institutorum-

349 1050 431 1091 que
463 1033 747 1074 similitudine
778 1033 1009 1081 coniuncti,
1046 1030 1294 1071 civitatibus
1325 1032 1514 1082 discreti,
1547 1046 1626 1072 nec
1647 1039 1791 1072 tamen

347 1111 562 1167 singulari
603 1110 750 1164 aliquo
796 1122 897 1149 casu
938 1107 1128 1158 divulsi,
1179 1109 1364 1162 primum
1408 1108 1588 1149 alterius
1641 1107 1791 1163 populi

347 1189 544 1229 homines
574 1188 663 1240 apti
692 1193 814 1226 erant
854 1185 906 1224 ad
938 1198 1117 1224 munera
1147 1186 1307 1224 civium
1348 1187 1520 1238 privata
1551 1186 1598 1224 in
1629 1185 1694 1224 rei
1725 1185 1790 1224 fa-

347 1265 530 1307 miliaris
570 1264 759 1317 negotiis
807 1263 851 1301 in
885 1260 1023 1300 altera
1063 1262 1238 1300 civitate
1277 1259 1500 1311 obeunda,
1535 1274 1614 1301 nec
1646 1268 1791 1301 conta-

347 1341 504 1382 minari
544 1341 673 1393 stirps
713 1337 945 1392 putabatur
985 1338 1270 1377 matrimoniis
1318 1346 1467 1377 mutuo
1507 1338 1649 1384 initis3
1691 1350 1792 1377 nam

348 1418 499 1459 eadem
542 1424 664 1457 erant
712 1429 858 1464 sacra,
912 1412 1067 1468 quibus
1121 1413 1338 1454 solemnes
1379 1415 1487 1454 ritus
1528 1412 1792 1463 nitebantur,

347 1495 461 1535 idem
490 1496 558 1533 ius
589 1494 806 1546 privatum
824 1490 879 1544 2).
947 1490 1097 1545 Itaque
1130 1494 1425 1531 cotlene-ercc’mu
1457 1498 1500 1531 et
1536 1489 1791 1531 connubium

373 1669 412 1712 ²)
440 1667 540 1701 Hinc
568 1665 686 1711 igitur
714 1666 814 1699 urbis
844 1665 1051 1712 appellatio
1078 1670 1204 1710 postea
1231 1676 1377 1709 quoque
1401 1665 1438 1698 in
1468 1675 1543 1698 una
1567 1665 1683 1705 urbe,
1710 1666 1793 1697 tan-

440 1739 551 1773 quam
579 1729 705 1771 plnres
731 1738 803 1760 non
833 1730 955 1759 essent
981 1726 1088 1758 unius
1115 1726 1265 1770 populi,
1293 1725 1452 1766 mansit3
1489 1725 1597 1766 hinc,
1634 1734 1794 1768 quorum

441 1789 664 1832 oppidorum
692 1787 790 1820 cives
819 1786 855 1819 in
887 1798 970 1830 pop.
1007 1787 1116 1820 Rom.
1144 1798 1277 1830 corpus
1305 1785 1448 1830 recepti
1473 1789 1601 1825 erant,
1637 1795 1710 1817 non
1735 1793 1794 1816 res

440 1848 594 1893 publica
627 1848 757 1887 modo,
794 1847 856 1880 scd
893 1846 1022 1878 clvitas
1062 1858 1139 1879 esse
1179 1846 1371 1880 desinebat
1408 1846 1503 1888 (Cic.
1538 1845 1674 1888 fragm.
1711 1841 1792 1876 init.

447 1913 542 1942 orat.
562 1907 599 1940 in
616 1907 739 1940 Pison.
759 1918 840 1939 nam
860 1910 933 1938 tum
960 1911 1041 1939 erat
1066 1907 1239 1949 civitas),·
1264 1906 1351 1940 hinc
1373 1905 1575 1951 singularis
1601 1904 1670 1938 illa
1693 1902 1794 1936 urbis

441 1967 634 2002 veneratio
661 1978 704 2000 ea
731 1977 877 2010 quoque
903 1971 1032 2007 aetate,
1060 1977 1173 2010 quum
1197 1967 1275 2000 late
1301 1968 1384 2000 susa
1409 1971 1504 2000 esset
1528 1965 1682 2006 civitas;
1705 1963 1794 1996 hinc

441 2029 510 2062 illa
536 2028 571 2061 in
597 2027 739 2072 duplici
767 2026 903 2071 patria,
930 2026 1091 2060 civitatis
1117 2032 1154 2060 et
1181 2027 1358 2072 originis,
1383 2026 1541 2060 nominis
1569 2023 1795 2069 ambiguitas

442 2089 536 2132 (Cic.
568 2089 612 2121 dc
642 2088 757 2134 Legg.
789 2089 846 2130 11,
880 2087 933 2129 2),
966 2099 1008 2120 ex
1045 2098 1117 2132 qua
1151 2087 1242 2121 olim
1281 2087 1478 2121 discrimen
1515 2086 1667 2131 aliquod
1702 2083 1794 2118 iuris

442 2149 694 2194 excogitatum
735 2153 800 2183 est.
876 2149 932 2182 Ad
977 2148 1171 2181 notionum
1209 2159 1359 2189 earum,
1396 2149 1441 2181 de
1479 2146 1613 2192 quibus
1647 2145 1793 2189 loquor,

440 2213 537 2256 apud
565 2213 753 2244 Romanos
789 2208 1052 2253 cognationem
1091 2209 1352 2242 declarandam
1392 2207 1581 2252 pertinent
1606 2202 1795 2239 Ciceronis

440 2272 515 2305 loci
550 2272 594 2303 de
619 2282 660 2303 re
693 2270 797 2313 publ.
824 2270 841 2301 1
871 2281 899 2301 c.
928 2268 998 2308 26,
1024 2280 1090 2312 pro
1117 2269 1210 2302 Sest.
1238 2268 1294 2307 42,
1319 2268 1376 2302 91.
1436 2267 1677 2300 Definiuntur
1701 2262 1792 2297 civi-

443 2336 536 2365 tates
567 2329 815 2363 conventicula
845 2328 1038 2366 hominum,
1071 2329 1181 2360 urbes
1208 2328 1389 2359 domicilia
1415 2327 1617 2358 coniuncta.

375 2393 413 2435 2)
443 2393 504 2425 Ius
532 2390 717 2434 privatum
755 2398 950 2420 commune
974 2393 1141 2420 veterum
1175 2387 1401 2430 populorum
1426 2385 1670 2427 Latinorum,
1695 2387 1792 2430 quod

439 2452 632 2485 sublatum
660 2454 725 2489 est,
753 2459 864 2492 qutun
890 2449 976 2491 lege
1005 2447 1102 2479 Iulia
1128 2446 1162 2479 in
1189 2447 1377 2480 civitatem
1404 2445 1543 2490 recepti
1566 2452 1664 2485 sunt,
1691 2458 1792 2480 com-
1815 2436 1822 2444 “

440 2514 624 2544 memorat
659 2510 758 2542 Geli.
788 2510 852 2547 lv,
894 2509 939 2548 4,
979 2513 1171 2540 auctorem
1210 2507 1325 2540 citans
1362 2507 1534 2540 Servium
1569 2507 1791 2550 Sulpicium,

442 2571 503 2615 qui
549 2569 818 2614 sponsaliorum
866 2568 921 2601 ius
966 2567 1050 2600 indo
1089 2571 1333 2610 excerpserat.
1396 2566 1535 2599 Mirum
1571 2572 1649 2606 est,
1693 2568 1792 2600 hunc

442 2633 566 2665 locum
601 2631 814 2675 neglectum
843 2628 956 2661 fuisse
984 2638 1005 2660 a
1032 2627 1220 2671 plerisque
1256 2627 1290 2659 in
1329 2638 1371 2659 ca
1399 2628 1674 2668 controversia,
1714 2639 1792 2671 quae

442 2696 594 2735 propter
619 2691 782 2724 absurda
808 2688 960 2731 (Rothii
996 2691 1032 2720 ct
1068 2687 1265 2720 Niebuhrii
1293 2688 1475 2721 vocabulo
1501 2689 1602 2730 utor)
1625 2687 1792 2720 ciusdem

443 2751 559 2784 Gellii
584 2752 699 2785 verba
733 2751 860 2794 (XVI,
896 2749 959 2791 13)
995 2747 1139 2793 agitata
1176 2752 1248 2788 cst,
1284 2747 1553 2781 retinuerintne
1586 2746 1792 2791 municipia

443 2821 525 2845 suas
560 2812 661 2855 loges
698 2815 735 2845 et
771 2811 850 2846 ius,
892 2820 937 2842 an
972 2809 1007 2843 in
1043 2810 1252 2842 Romanum
1283 2807 1508 2842 transierint.
1560 2808 1600 2842 In
1628 2818 1722 2852 qua,
1750 2811 1789 2840 ut

1975 2098 1978 2104 .
