1981 3390
406 229 504 278 264

339 347 489 388 ductas
520 355 720 403 quattuor
750 350 925 389 omnino
956 350 1198 404 quinqueve
1229 351 1386 391 civium
1415 348 1601 394 *coloniae
1620 349 1664 389 in
1687 347 1785 390 loca

342 439 369 466 a
398 426 508 466 mari
523 434 690 466 remota
720 426 911 466 deductae
938 434 1052 477 sunt,
1081 428 1124 466 iu
1156 441 1283 482 agros
1316 441 1401 467 non
1435 425 1562 467 valde
1594 425 1647 467 ab
1677 424 1784 467 urbe

342 501 542 554 dissitos,
573 503 727 544 Lavici
757 503 815 556 (a.
844 504 971 552 418),
1002 503 1214 544 Satricum
1246 504 1303 559 (a.
1329 503 1458 559 384),
1486 505 1636 554 tertia,
1666 504 1787 543 cuius

342 593 500 620 nomen
541 581 789 633 ignoratur,
836 579 912 618 sed
949 579 1132 619 fortasse
1163 579 1347 620 Vitellia
1378 581 1460 620 fuit
1502 583 1560 630 (a.
1591 580 1707 632 395),
1746 586 1790 620 et

342 656 527 696 fortasse
560 653 765 697 Casinum
791 656 850 704 (a.
881 655 982 705 312)
1013 663 1055 695 et
1071 655 1274 696 AEsulum
1298 659 1356 706 (a.
1377 658 1460 696 246
1475 670 1560 696 sec.
1577 655 1715 706 Vell.)
1733 656 1790 705 ¹).

346 731 610 772 Colonorum
641 744 845 770 numerus
873 731 917 770 in
936 730 1002 770 his
1021 739 1164 770 tantus
1182 741 1553 782 commemoratur,
1578 739 1625 771 ut
1652 731 1792 772 videri

344 809 513 863 possint
552 821 639 847 non
681 806 821 847 solum
875 807 1075 859 praesidia
1124 809 1328 862 imposita
1368 807 1590 848 veteribus
1637 806 1791 848 incolis

345 884 510 926 relictis
547 884 624 924 sed
663 891 754 924 tota
796 884 954 938 oppida
996 898 1052 924 ex
1093 883 1256 924 colonis
1299 885 1506 925 Romanis
1546 884 1791 924 constituta.

347 961 535 1002 Lavicos
579 961 694 1001 enim
741 959 862 1001 mille
904 962 1163 1016 quingentos
1205 959 1383 1001 colonos
1425 962 1607 1016 scriptos
1639 959 1794 1000 Livius

349 1039 506 1088 tradit,
537 1037 786 1087 Vitelliam,
819 1039 857 1077 si
885 1038 927 1077 id
959 1051 1115 1077 nomen
1142 1037 1240 1088 fuit,
1269 1039 1351 1078 tria
1383 1037 1545 1086 millia,
1579 1037 1795 1078 Satricum

349 1115 434 1156 duo
464 1114 617 1156 millia.
679 1114 874 1169 Reliquae
906 1127 1054 1154 omnes
1085 1115 1245 1154 civium
1279 1113 1458 1154 colonia}
1489 1129 1566 1169 per
1597 1113 1686 1154 haec
1715 1126 1795 1153 sae-

351 1191 449 1233 cula
473 1193 697 1233 maritimae
720 1192 921 1241 fuerunt,
961 1191 1172 1244 impositae
1200 1205 1284 1231 orae
1318 1191 1456 1231 Italiae
1479 1191 1530 1230 ad
1569 1198 1797 1244 utrumque

350 1283 482 1311 mare.
547 1269 644 1309 Hoc
683 1282 820 1323 genus
854 1267 1120 1308 coloniarum
1157 1267 1308 1306 Livius
1341 1266 1509 1307 duobus
1542 1265 1651 1306 locis
1682 1279 1798 1307 com·

352 1353 588 1396 memorat,
624 1344 702 1385 lib.
735 1343 945 1395 XXVII,
975 1346 1045 1395 38,
1075 1343 1151 1384 ubi
1178 1343 1285 1384 belli
1310 1344 1461 1384 Punici
1496 1343 1673 1384 secundi
1692 1351 1800 1383 tem-

350 1438 455 1478 pore
495 1438 535 1464 a.
577 1424 674 1472 207,
725 1435 855 1477 quum
896 1429 1071 1476 propter
1115 1423 1307 1476 inopiam
1357 1422 1597 1461 iuventutis
1639 1419 1799 1461 milites

354 1503 458 1542 dare
491 1507 773 1555 cogerentur,
815 1507 981 1552 septem
1016 1512 1075 1538 ex
1105 1499 1158 1538 iis
1188 1506 1384 1538 senatum
1416 1498 1557 1537 adisse
1587 1498 1799 1546 dicuntur,

354 1585 669 1619 sacrosanctam
712 1590 759 1616 se
807 1576 1080 1616 vacationem
1128 1573 1288 1614 habere
1338 1573 1627 1622 affirmantes,
1672 1587 1800 1628 quam

358 1642 502 1696 tamen
533 1654 618 1693 nisi
656 1654 701 1693 in
744 1651 938 1713 Ostienai
967 1659 1009 1691 et
1038 1650 1206 1693 Antiati
1242 1650 1555 1691 observandam
1587 1664 1670 1690 non
1703 1664 1801 1690 cen-

355 1734 443 1773 suit
474 1739 666 1780 senatus,
699 1729 902 1784 quamdiu
931 1727 1066 1769 hostis
1098 1729 1141 1767 in
1171 1727 1299 1768 Italia
1333 1735 1468 1781 esset,
1501 1736 1543 1768 et
1572 1726 1801 1777 XXXVI,

355 1812 408 1860 3,
440 1807 515 1849 ubi
544 1809 589 1848 in
620 1806 736 1847 bello
778 1805 1038 1846 Antiochino
1086 1819 1124 1844 a.
1166 1807 1243 1844 191
1290 1813 1384 1845 octo
1426 1819 1499 1861 ex¹
1529 1805 1611 1854 iis,
1645 1804 1800 1858 partim

358 1885 543 1937 eaedem,
579 1885 736 1940 partim
765 1882 891 1934 aliae,
936 1881 1135 1926 militiam
1173 1881 1374 1924 navalem
1413 1882 1675 1936 detrectasse
1705 1895 1803 1922 nar-

381 2042 420 2085 1)
445 2041 500 2074 De
525 2039 671 2074 Lavi-:is
698 2043 827 2074 auctor
852 2042 907 2073 cst
929 2038 1009 2073 Liv.
1043 2039 1107 2081 lv,
1142 2039 1187 2072 47
1223 2038 1329 2082 (coll.
1359 2036 1469 2072 Diod.
1496 2035 1569 2070 Sic.
1597 2036 1711 2078 xm,
1744 2035 1805 2078 6);

450 2100 588 2137 civium
615 2111 698 2134 eam
726 2100 860 2142 fuisse,
885 2112 958 2135 non
988 2100 1110 2133 solum
1138 2110 1179 2132 ex
1206 2098 1303 2132 Livii
1326 2097 1450 2131 verbis
1476 2097 1625 2141 (coloni
1647 2097 1691 2130 ab
1719 2097 1807 2131 urbe

449 2161 569 2203 missi)
595 2161 775 2194 concludo
802 2161 908 2203 (coll.
935 2159 1142 2195 Niebuhr-io
1171 2160 1231 2202 11,
1266 2158 1372 2200 489),
1405 2158 1465 2192 sed
1492 2157 1653 2192 maxime
1679 2169 1723 2192 ex
1749 2169 1805 2199 co,

448 2221 547 2264 quod
582 2220 677 2254 belli
715 2220 848 2255 Punici
885 2220 1036 2254 secundi
1070 2224 1240 2264 tempore
1274 2222 1374 2252 certe
1411 2218 1512 2267 intel:
1545 2218 1698 2251 Latinas
1733 2228 1807 2251 non

450 2281 544 2322 fuit3
579 2281 623 2313 (lc
657 2280 803 2314 Satrico
827 2280 907 2314 Liv.
933 2282 1004 2321 VI,
1038 2280 1106 2321 163
1141 2281 1260 2321 hanc,
1297 2289 1318 2312 a
1342 2278 1578 2312 Praenestinis
1604 2281 1640 2311 ct
1665 2277 1808 2311 Volscis

449 2344 700 2385 expugnatam
728 2340 817 2382 (VI,
842 2339 920 2381 22),
946 2350 979 2373 a.
1007 2339 1074 2372 318
1098 2339 1309 2372 restitutam
1335 2337 1464 2370 Livius
1487 2335 1639 2374 scribit,
1668 2336 1808 2370 colonie

452 2401 500 2436 ab
528 2399 765 2440 Antiatibus,
792 2398 828 2432 id
857 2402 932 2440 est,
957 2398 1090 2439 Antio,
1130 2410 1201 2442 quo
1227 2397 1494 2440 confugerant,
1522 2395 1682 2430 reductis
1707 2397 1806 2439 (Vll,

451 2461 510 2501 27,
545 2460 611 2494 ubi
636 2460 810 2498 reducta,
851 2459 945 2503 quod
983 2470 1077 2491 unus
1107 2459 1220 2491 codex
1257 2457 1394 2497 habet,
1427 2455 1698 2490 restituendum
1734 2457 1807 2499 est)

452 2522 509 2565 [ut
541 2520 618 2555 sine
650 2530 763 2553 causa
800 2529 885 2551 eum
915 2517 1142 2552 Niebuhrius
1176 2517 1230 2550 111
1255 2529 1288 2561 1».
1317 2515 1386 2549 260
1421 2516 1700 2559 reprehendat]
1750 2516 1808 2550 De
1867 2526 1873 2530 “

454 2581 534 2615 cius
554 2579 760 2614 desectione
776 2579 819 2612 ad
833 2578 1017 2612 Samnites
1044 2589 1076 2612 a.
1099 2578 1167 2611 320
1179 2578 1276 2620 (Liv.
1305 2579 1372 2617 IX,
1398 2576 1463 2617 12,
1491 2576 1560 2617 163
1586 2577 1720 2617 xxw,
1744 2575 1805 2618 33)

453 2642 524 2676 cfr.
559 2651 672 2685 supra
698 2653 732 2684 p.
756 2638 836 2673 227.
893 2638 1063 2672 Tertiam
1090 2638 1195 2672 illam
1220 2638 1345 2672 Livius
1371 2639 1413 2678 V,
1441 2636 1486 2669 21
1511 2641 1804 2679 commemorat;

454 2701 649 2736 Vitelliam
674 2700 787 2733 fuisse
810 2698 1037 2732 Niobam-ius
1062 2699 1129 2741 (ΙΙ,
1156 2698 1243 2742 550)
1272 2711 1314 2733 cx
1338 2699 1417 2732 Liv.
1446 2699 1489 2738 V,
1513 2696 1559 2729 29
1583 2696 1806 2739 suspicatur.

453 2762 628 2795 Casinum
666 2759 874 2804 (Liv.·1x‚
910 2758 972 2800 28)
1004 2763 1039 2791 ct.
1073 2761 1242 2794 :Esulum
1277 2759 1415 2804 (Veli.)
1451 2758 1548 2792 inter
1582 2756 1734 2792 Latinas
1769 2756 1806 2792 in

455 2823 556 2858 bello
586 2821 725 2858 Punico
760 2833 832 2855 non
858 2823 1111 2854 numerantur.
