1981 3390
413 184 500 233 ,34

367 319 450 360 que
485 305 717 360 accipiunt)
758 305 949 359 praetorii
977 304 1276 360 praefecturam
1307 317 1498 359 sperare.
1562 302 1654 344 Nec
1688 305 1816 344 certis

369 383 593 424 hominum
625 381 875 423 nominibus
903 381 1146 431 abstinent3
1205 380 1456 423 Cornelium
1486 382 1601 422 enim
1633 381 1820 422 Fuscum

366 469 442 502 aut
470 462 615 516 potius
645 459 916 514 Sophonium
960 459 1231 516 Tigellinum
1263 460 1530 516 intelligunt.
1622 458 1817 510 Addunt,

368 538 533 580 Neroni
561 540 756 594 aurigam
780 539 942 589 fuisse,
981 553 1113 594 quum
1141 541 1180 580 is
1213 554 1259 581 se
1291 539 1430 595 Sporo
1462 540 1667 585 iactaret3
1707 536 1821 576 hunc

371 618 485 657 enini
519 616 781 670 spadonem,
826 629 954 669 quem
982 615 1102 658 Nero
1131 631 1269 673 usque
1301 632 1354 659 eo
1387 617 1573 666 amavit,
1604 623 1652 656 ut
1683 613 1820 656 scele-

373 696 476 734 ratis
524 693 689 746 nuptiis
735 693 891 732 uxoris
939 691 1038 733 loco
1081 693 1281 744 duceret,
1332 693 1599 736 lacernatam
1639 684 1820 733 amicam

370 784 479 810 esse.
571 768 678 818 Quae
720 784 848 824 quam
881 771 968 810 sint
1008 769 1155 811 aliena
1198 785 1224 810 a
1267 778 1408 825 poetae
1446 778 1590 811 mente
1622 778 1665 810 et
1694 783 1821 824 quam

372 862 458 889 non
486 849 592 888 scite
625 849 889 904 composita,
949 848 1080 889 facile
1109 848 1289 904 patebit.
1379 848 1572 890 Primum
1598 844 1822 888 Iuvenalis

372 928 415 966 in
449 934 540 966 tota
572 925 652 966 hac
682 926 839 976 satira,
899 926 946 966 in
989 940 1100 981 qua,
1161 926 1264 981 quid
1296 925 1349 967 ad
1385 926 1542 967 satiras
1572 923 1824 966 scribendas

369 1003 618 1058 impulerit,
670 1003 930 1058 exponitur,
975 1011 1023 1043 ut
1050 1018 1128 1060 par
1162 1011 1278 1054 erat,
1327 1018 1379 1045 ea
1407 1002 1575 1045 scelera
1605 1003 1824 1051 tractavit,

369 1083 481 1122 inter
516 1095 698 1136 quorum
731 1080 940 1136 exempla·
963 1082 1056 1137 ipse
1089 1080 1370 1132 versabatur,
1431 1095 1568 1136 eaque
1611 1088 1687 1121 aut
1728 1079 1823 1119 uni-

375 1173 497 1200 verse
526 1159 694 1200 notavit
725 1166 800 1200 aut
827 1172 916 1200 suae
948 1160 1088 1200 aetatis
1120 1159 1339 1218 hominem
1374 1158 1588 1214 aliquem,
1645 1158 1719 1213 qui
1745 1171 1824 1213 pro

371 1235 574 1291 exemplo
605 1239 738 1277 totius
767 1238 942 1292 generis
971 1250 1068 1277 esse
1097 1246 1267 1292 posset,
1295 1238 1491 1291 arripuit.
1571 1235 1670 1285 Quo
1694 1233 1822 1276 modo

370 1315 504 1369 igitur
535 1313 678 1354 subito
709 1314 764 1354 ad
793 1312 980 1354 Neronis
1010 1316 1272 1369 pravitatem
1304 1313 1544 1366 transsilii,
1587 1314 1716 1354 unius
1746 1312 1823 1353 ho-

370 1393 515 1443 minis,
540 1390 671 1447 longe
704 1391 758 1433 ab
787 1391 877 1433 illis
910 1392 1175 1452 temporibus
1205 1392 1388 1435 remoti?
1422 1407 1506 1448 quo
1539 1391 1665 1434 modo
1695 1389 1824 1446 fingit

371 1483 418 1511 se
452 1457 582 1510 huius
617 1483 798 1510 occursu
827 1471 890 1510 ita
919 1469 1191 1521 exacerbari,
1222 1480 1269 1512 ut
1300 1486 1346 1513 se
1377 1486 1402 1512 a
1430 1472 1564 1512 satira
1595 1467 1824 1510 scribenda

370 1549 592 1588 continere
616 1549 830 1603 nequeat}
863 1548 965 1599 Sed,
995 1549 1107 1603 quod
1138 1559 1265 1605 caput
1300 1559 1366 1590 est
1395 1558 1438 1590 et
1470 1548 1584 1604 quod
1614 1555 1713 1588 ante
1733 1559 1822 1586 om-

369 1626 442 1666 nia
475 1626 608 1680 quaeri
634 1624 788 1677 debet,
820 1640 904 1681 qua
933 1634 1035 1667 nota
1064 1625 1182 1668 Nero
1215 1636 1258 1668 et
1285 1641 1355 1669 res
1389 1627 1441 1668 ad
1475 1640 1573 1667 eum
1600 1625 1823 1681 pertinens

370 1702 618 1759 significata
650 1703 742 1744 est}
783 1702 927 1763 Nulla'
948 1704 1168 1760 profectO,
1211 1720 1263 1746 ne
1297 1707 1475 1746 minima
1508 1703 1694 1759 quidem.
1754 1700 1823 1743 Ac

370 1789 515 1822 tamen
557 1780 680 1822 nulla
720 1783 859 1821 maior
903 1789 969 1822 est
1006 1784 1298 1837 perversitas,
1340 1797 1468 1838 quam
1515 1796 1568 1822 ea
1608 1778 1823 1820 subiicere

372 1860 598 1914 scriptori,
629 1873 722 1914 qua}
751 1873 836 1899 non
866 1860 984 1914 ipse,
1028 1862 1226 1915 quamvis
1259 1868 1371 1902 tecte
1402 1860 1589 1909 dixerit,
1621 1858 1683 1898 ita
1717 1856 1823 1896 insi-

372 1938 546 1992 gnierit,
579 1946 626 1976 ut
657 1935 874 1978 confidere
905 1938 1100 1991 potuisse
1131 1939 1344 1989 videatur,
1376 1951 1452 1978 eos
1480 1936 1684 1985 lectores,
1716 1945 1824 1988 quos

371 2014 455 2055 sibi
487 2015 806 2070 proposuisset,
857 2018 1013 2070 (neque
1044 2017 1159 2056 enim
1190 2023 1462 2057 enarratores
1494 2022 1652 2054 nostroe
1685 2011 1824 2052 aetatis

373 2094 517 2133 animo
555 2091 640 2132 sibi
673 2090 899 2146 fingebat,)
957 2107 983 2133 a
1022 2107 1070 2134 re
1115 2092 1362 2147 significata
1405 2106 1488 2133 non
1534 2090 1824 2132 aberraturus.

374 2169 478 2223 Ipse
509 2172 567 2221 (v.
597 2170 694 2220 62),
755 2171 979 2224 inquiunt,
1038 2169 1156 2211 Nero
1191 2180 1282 2219 est;
1340 2171 1404 2210 sic
1435 2170 1551 2209 enim
1582 2165 1826 2222 appellatur

374 2246 551 2287 honoris
586 2254 630 2286 et
667 2249 927 2301 praestantiae
969 2260 1099 2287 causa
1131 2248 1390 2301 imperator,
1451 2247 1575 2300 isque
1616 2252 1682 2284 est
1721 2256 1823 2283 usus

374 2323 503 2366 huius
540 2325 823 2380 pronominis.
910 2322 1070 2365 Miram
1101 2338 1205 2366 vero
1236 2324 1662 2380 interpretationem,
1721 2321 1824 2376 quia

374 2396 512 2450 αὐτός
563 2409 606 2442 et
646 2405 738 2456 ipse
774 2402 902 2453 (addo
934 2410 1127 2444 nostrum
1159 2416 1397 2459 pronomen
1431 2400 1624 2442 eiusdem
1656 2395 1824 2454 signifi-

375 2481 605 2532 cationis),
653 2478 729 2521 ubi
763 2495 822 2522 ex
853 2482 1066 2522 contrarie
1096 2479 1245 2522 relatis
1277 2491 1319 2523 et
1350 2495 1409 2522 ex
1439 2493 1623 2536 persona
1645 2476 1824 2532 loquen-

375 2562 430 2601 tis
463 2569 507 2601 et
538 2573 598 2600 ex
629 2561 726 2614 ipsa
759 2575 805 2600 re
839 2559 1001 2601 clarum
1029 2561 1110 2610 sit,
1145 2562 1239 2616 quis
1271 2559 1565 2616 intelligatur,
1597 2556 1650 2596 de
1679 2568 1731 2595 eo
1760 2553 1823 2593 di-

378 2647 525 2690 catur,
587 2639 658 2694 qui
690 2639 932 2693 praecipuus
967 2646 1010 2678 et
1039 2640 1162 2694 quasi
1197 2639 1396 2680 dontinus
1429 2638 1510 2686 sit,
1566 2631 1713 2686 (velut
1742 2630 1822 2683 Py-

375 2716 637 2774 thagoraeus,
669 2730 799 2772 quum
823 2716 874 2756 de
905 2716 1120 2773 dogmatis
1149 2719 1239 2758 suis
1270 2717 1483 2773 loquitur,
1511 2706 1652 2756 αὐτόν
1683 2701 1821 2765 φάναι

375 2794 503 2846 dicit,
535 2794 823 2852 Pythagoram
854 2793 1141 2851 significans‚)
1194 2795 1290 2837 ideo
1321 2799 1454 2851 ipsum
1489 2793 1558 2835 hic.
1589 2790 1819 2844 imperato-
