1981 3390
1486 264 1586 316 30⁴1

203 389 395 439 haerens,
444 384 702 428 sententiam
744 379 1000 438 negligens»,
1052 389 1182 438 atque
1229 381 1285 424 ob
1326 383 1369 425 id
1409 385 1550 438 ipsum
1599 399 1654 427 ne

202 466 336 507 verba
379 464 551 521 quidem
589 473 838 514 assequens.
915 459 1062 515 Atque
1094 457 1382 502 Wakefieldii
1416 461 1652 504 editionem

197 541 519 584 Eic'hstaedtius
547 538 783 592 expressit,
815 539 1141 579 recentissimus
1163 538 1319 589 editor,
1349 537 1578 594 Forbiger,
1609 548 1653 581 et

199 622 244 661 in
276 628 402 661 textu
437 615 691 673 plerumque
725 616 843 667 (nam
871 616 1141 657 coniecturas
1164 614 1454 658 Wakefieldii
1483 615 1651 672 aliquot

197 695 392 751 expulit)
425 704 467 736 et
497 695 540 735 in
573 694 686 734 notis
720 693 915 747 sequitur
936 693 991 743 ¹).
1063 691 1215 748 Itaque
1247 694 1309 734 ita
1338 706 1386 734 se
1419 706 1487 734 res
1519 692 1651 736 habet

194 775 238 814 in
283 773 518 822 Lucretio,
559 779 605 810 ut
645 784 757 810 nunc
789 783 883 810 cum
932 771 1075 824 specie
1116 769 1370 826 religionis,
1419 771 1495 811 sed
1534 785 1648 827 saepe

194 849 381 892 absurde
436 857 629 898 erretur,
694 859 823 902 quum
873 845 979 887 olim
1027 846 1254 897 licentius,
1303 847 1379 888 sed
1429 847 1648 890 interdum

195 942 292 969 cum
336 927 484 982 aliqua
523 925 667 980 specie
705 937 820 964 verae
852 925 1078 964 sententiae
1109 932 1341 964 erraretur.
1408 923 1564 978 Neque
1603 925 1648 966 id

191 1003 590 1059 reprehendendum
615 1008 695 1049 est,
719 1000 978 1052 scripturam
1013 1007 1257 1054 corruptam
1289 1000 1434 1055 potius
1466 1003 1649 1052 servari,

189 1095 317 1137 quam
348 1079 620 1120 temerariam
654 1074 1062 1130 interpolationem,
1095 1077 1208 1132 quod
1238 1076 1437 1132 religiosi
1469 1086 1535 1118 est
1566 1079 1649 1119 cri·

187 1160 289 1210 tici,
330 1157 404 1198 sed
437 1156 611 1197 defendi
643 1164 845 1209 tanquam
886 1154 1197 1204 rectissimam,
1242 1155 1356 1209 quod
1401 1163 1467 1195 est
1510 1154 1647 1197 verba

189 1250 268 1291 pro
301 1235 528 1276 sententiis
560 1230 875 1287 amplectentis.
938 1230 1086 1279 Quare
1120 1233 1305 1284 saepius,
1345 1246 1473 1287 quam
1517 1231 1646 1273 vole-

186 1311 310 1363 bam,
352 1326 420 1352 ine
460 1310 548 1351 illae
588 1308 747 1350 scholae
792 1309 1161 1362 interpretationis
1206 1322 1336 1350 causa
1377 1309 1430 1350 ad
1471 1310 1642 1350 criticas

186 1390 446 1446 quaestiones
482 1386 752 1437 avocabant,
797 1387 841 1425 in
885 1384 1042 1440 quibus
1075 1385 1205 1441 plane
1237 1385 1466 1436 intellexi,
1512 1400 1641 1442 quam

209 1535 248 1579 ²)
274 1534 457 1579 Exemplo
496 1545 574 1568 esse
611 1536 783 1578 possunt,
820 1536 856 1567 et
892 1544 965 1577 quo
1000 1534 1110 1568 modo
1136 1533 1409 1569 lValcelieldius
1446 1532 1640 1575 lectiones,

275 1606 366 1640 quas
393 1594 460 1628 alii
486 1593 646 1628 confessi
671 1605 710 1626 se
745 1605 818 1627 non
846 1593 1061 1639 intelligere
1087 1598 1300 1636 mutat-ant,
1335 1594 1567 1635 defenderit,
1604 1598 1642 1629 et

274 1666 384 1700 quam
414 1666 542 1688 secure
569 1654 661 1688 talia
689 1658 967 1699 propagentur,
1005 1655 1077 1688 duo
1104 1655 1178 1688 loci
1203 1654 1291 1688 libri
1318 1655 1455 1700 primi,
1493 1655 1529 1688 in
1556 1654 1641 1699 qui-

273 1714 342 1749 bus
371 1715 557 1760 particula
586 1715 752 1758 quoniam
779 1713 831 1747 ita
861 1714 1034 1758 ponitur,
1061 1719 1102 1750 ut
1127 1715 1268 1749 nullius
1291 1716 1346 1749 rei
1375 1726 1527 1750 causam
1553 1716 1640 1749 red-

273 1776 349 1810 dat.
399 1776 441 1809 V.
468 1775 558 1817 751,
587 1774 731 1819 aliquot
754 1775 987 1819 argumentis
1014 1781 1143 1809 contra
1170 1787 1254 1818 eos,
1282 1776 1344 1820 qui
1370 1778 1482 1822 plura
1507 1788 1637 1811 rerum

273 1835 480 1882 primordia
507 1846 585 1868 esse
616 1836 825 1879 ponebant,
854 1835 1033 1879 prolatis,
1062 1836 1236 1878 additur:
1266 1837 1348 1869 Huc
1371 1838 1511 1871 accedit
1539 1838 1635 1876 item,

273 1897 440 1942 quoniam
468 1895 671 1939 primordia
706 1907 825 1928 rerum
863 1895 992 1929 Mollia
1028 1897 1271 1935 constituunt,
1308 1908 1386 1940 quae
1411 1908 1476 1929 uos
1510 1897 1636 1930 nativa

269 1958 432 1990 vIdemus
453 1955 542 1988 Esse
570 1959 603 1987 et
629 1955 777 1988 mortali
802 1967 877 1988 cum
896 1967 1046 1998 corpore
1065 1956 1265 1997 sundItns:
1292 1957 1394 1999 atqui
1419 1957 1546 1990 debeat
1565 1961 1633 1991 etc.

272 2016 494 2060 Superiores
524 2027 589 2058 pro
615 2016 779 2058 quoniam
805 2015 1031 2060 scripserant
1057 2017 1152 2059 quod
1177 2017 1270 2055 iam,
1298 2028 1369 2050 non
1396 2018 1516 2058 bene,
1537 2018 1636 2062 quod

272 2076 408 2116 tacite,
445 2087 512 2108 nec
539 2086 604 2119 per
632 2087 670 2108 se
696 2081 808 2109 recte.
861 2076 931 2109 Sed
960 2077 1247 2110 W‘alkelieldius
1274 2076 1418 2121 ”prebe
1444 2077 1634 2111 declarari

269 2135 401 2180 posse''
428 2136 590 2169 alterum
626 2135 677 2169 sic
714 2140 842 2180 putat:
881 2136 974 2170 ”ssis
1000 2137 1112 2170 etiam
1138 2137 1214 2171 alla
1241 2137 1385 2171 accedit
1411 2137 1632 2180 dtffficultas,

268 2208 374 2240 quum
417 2197 533 2235 iam,''
579 2200 619 2230 ut
655 2196 825 2230 omiserit
860 2197 1004 2231 scilicet
1038 2197 1233 2232 Lucretius
1269 2198 1328 2239 id,
1375 2199 1472 2242 quod
1508 2198 1633 2232 dicere

271 2257 410 2296 vellet,
447 2257 612 2300 posuerit
647 2268 860 2302 perversam
896 2258 1133 2302 particulam.
1192 2259 1391 2301 (Mundum
1428 2258 1539 2292 situm
1579 2261 1634 2292 est

269 2327 340 2349 non
355 2306 405 2349 'in
431 2316 620 2359 quoniam,
646 2317 710 2350 sed
737 2316 774 2350 in
798 2318 902 2361 atqui
925 2329 957 2351 v.
985 2318 1076 2358 756,
1115 2318 1178 2351 ubi
1207 2319 1415 2363 ponendam
1442 2331 1521 2353 esse
1545 2330 1631 2364 par-

268 2376 423 2411 ticulam
461 2381 524 2416 ut,
561 2377 722 2410 relatam
754 2377 800 2410 ad
833 2379 1014 2419 verbum,
1051 2379 1148 2423 quod
1177 2384 1230 2413 est
1258 2380 1423 2420 accedit,
1454 2385 1559 2425 patet
1589 2391 1632 2414 ex

267 2437 395 2479 codd.,
431 2436 482 2470 in<
505 2438 638 2482 quibus
673 2442 727 2471 est
754 2441 795 2470 ut
819 2439 903 2482 qui;
937 2438 1112 2473 ultimam
1141 2451 1270 2474 versus
1295 2451 1423 2473 vocem
1453 2444 1489 2474 et
1513 2440 1631 2485 sylla-

266 2498 354 2532 bam
384 2509 454 2531 non
482 2498 661 2541 reperio).
712 2498 818 2532 Alter
845 2504 898 2533 est
924 2500 1027 2534 lorus
1049 2500 1085 2534 in
1108 2513 1140 2534 ν.
1158 2500 1261 2542 1082,
1290 2501 1355 2534 ubi
1381 2505 1435 2534 cst
1462 2501 1498 2534 in
1524 2502 1628 2534 codd.

267 2557 478 2598 Praeterea,
520 2559 687 2602 quoniam
713 2570 781 2592 non
807 2561 926 2593 omnia
951 2572 1105 2604 corpora
1123 2562 1280 2606 fingunt
1305 2562 1341 2594 in
1364 2562 1518 2595 medium
1547 2562 1629 2599 niti,

265 2620 330 2653 sed
355 2624 535 2653 terrarum
570 2625 679 2663 atquc
713 2620 875 2664 liquoris.
926 2622 1147 2667 Superiores
1177 2622 1426 2667 scripserant,
1470 2633 1491 2655 a
1517 2622 1630 2655 Lam-

263 2679 352 2714 bino
378 2679 584 2714 admoniti:
614 2680 802 2714 Proetcrca
827 2694 964 2726 quoque
990 2683 1072 2716 Iam.
1121 2683 1195 2717 Sed
1223 2683 1372 2717 Wnkcf.
1395 2684 1519 2727 explet
1545 2694 1629 2715 sen-

261 2740 444 2774 sentiam:
494 2740 703 2774 ’'Praecerea
738 2742 814 2776 alia
843 2743 992 2787 insuper
1030 2743 1239 2786 difficultas
1273 2744 1475 2777 rationibus
1509 2755 1629 2776 eorum

262 2802 531 2834 adversatur?
560 2801 638 2840 vel,
664 2802 771 2836 ”110⁶
800 2804 922 2844 etiam,
947 2815 1016 2848 quo
1042 2805 1113 2837 sibi
1136 2805 1252 2837 minus
1283 2809 1451 2838 constare
1478 2803 1627 2838 videan-

266 2865 347 2899 tur,
377 2861 452 2895 illis
476 2864 595 2905 potest
622 2862 761 2895 obiici.”

1295 2936 1353 2968 20*
