1981 3390
445 171 512 219 48

384 290 738 346 tei-pretationem
779 289 1008 333 videbatur
1049 292 1114 343 (in
1147 303 1232 346 qua
1269 298 1390 347 patet
1432 290 1485 332 ad
1520 302 1679 331 nomen
1709 288 1830 345 Thy-

385 367 522 409 meles
553 368 859 409 assumendum
890 376 1057 410 tantum
1088 382 1183 409 esse
1208 369 1391 423 palpat,
1420 382 1506 410 non
1536 380 1710 419 munere
1731 368 1832 422 pal-

378 451 486 500 pat,⁸
521 454 587 486 est
615 447 729 487 enim
761 446 853 487 fere
885 446 1000 486 idem
1041 459 1091 486 ac
1131 447 1170 486 si
1199 445 1386 486 dixisset
1415 451 1460 486 et
1489 459 1609 500 quem
1643 444 1833 486 Latinus

383 520 539 577 palpat
575 522 649 564 Th.
682 522 930 574 submissa),
972 524 1079 573 etsi,
1126 537 1219 579 quae
1249 522 1350 564 talis
1383 523 1539 563 fuisset
1569 522 1723 563 horum
1756 522 1835 563 ho-

387 602 552 641 minum
586 601 854 650 coniunctio,
894 607 941 639 ut
971 599 1155 641 Latinus
1190 599 1434 655 Thymelen
1465 615 1544 655 pro
1578 614 1625 641 se
1655 599 1836 641 submit-

387 685 523 727 teret,
565 675 840 730 ignorabam.
912 674 1201 717 Confirmavit
1241 677 1353 718 hanc
1386 679 1644 718 sententiam
1674 692 1836 718 memo-

388 753 528 795 rabile
559 753 756 794 scholion
796 752 849 794 ad
882 760 963 794 sat.
992 752 1072 804 IV,
1098 754 1181 803 53,
1224 767 1358 794 unum
1400 767 1460 794 ex
1487 755 1558 803 iis,
1598 755 1643 794 in
1680 753 1837 809 quibus

388 845 458 873 res
501 831 717 872 historicae
747 839 864 872 recte
905 838 949 871 et
989 832 1083 871 sine
1115 829 1208 871 ulla
1240 829 1566 886 perturbatione
1597 830 1839 882 traduntur,

389 917 456 960 et,
505 909 619 964 quod
650 910 696 949 in
737 907 805 948 his
846 907 1025 948 scholiis
1061 908 1330 948 rarissimum
1372 916 1465 959 est,
1507 907 1682 949 laudato
1722 907 1838 949 bono

392 995 583 1028 auctore.
661 986 879 1039 Scriptum
922 993 988 1025 est
1032 986 1146 1025 enim
1177 993 1335 1039 praeter
1367 983 1475 1026 alia:
1520 998 1612 1026 cum
1637 984 1842 1035 fuissent

389 1067 507 1105 inter
532 1063 747 1104 delatores
773 1067 971 1117 potentes·
1002 1061 1120 1116 apud
1137 1061 1436 1103 Domitianum
1466 1068 1510 1103 et
1537 1061 1840 1114 ln‘,>Armz’lla-

389 1147 485 1193 tus,
527 1139 835 1181 Demosthenes
869 1146 916 1182 et
943 1139 1132 1180 Latinus
1170 1138 1468 1190 archimimus,
1510 1144 1626 1181 sicut·
1660 1141 1841 1182 Marius·

391 1220 619 1261 ,Maximus
655 1221 844 1270 scripsit.
916 1215 1151 1257 Commode
1190 1215 1416 1257 Maximus
1455 1218 1500 1256 in
1532 1219 1622 1257 vita
1658 1215 1841 1259 Traiani

393 1297 512 1345 (nam
547 1293 729 1335 Traiani
767 1302 811 1334 et
845 1294 1146 1349 proximorum
1179 1293 1490 1348 imperatorum
1520 1292 1574 1333 ad
1606 1291 1842 1348 Eliogaba-

392 1371 483 1412 lum
517 1373 630 1412 vitas
661 1372 853 1426 scripsit)
884 1372 1097 1412 saevitiam
1140 1379 1384 1425 temporum
1421 1369 1664 1411 Domitiani
1691 1378 1734 1412 et
1766 1372 1841 1413 de-

392 1448 555 1490 latores
587 1462 924 1489 commemorare
946 1449 1102 1503 potuit.
1161 1447 1320 1490 Carum
1351 1446 1605 1488 Domitiano
1633 1447 1841 1491 Latinum

392 1527 554 1577 fuisse,
585 1534 753 1567 constat
782 1540 843 1567 ex
875 1526 1055 1568 Sueton.
1084 1525 1248 1568 Domit.
1281 1525 1335 1566 15
1364 1532 1408 1566 et
1435 1522 1630 1567 Martial.
1657 1525 1743 1578 IX,
1771 1528 1840 1579 29,

391 1605 421 1646 7
454 1611 497 1644 et
528 1605 625 1656 81).

418 1746 457 1791 1)
487 1747 543 1779 De
568 1746 757 1791 Thymele
781 1747 886 1781 locus
915 1750 969 1782 est
992 1746 1031 1780 in
1055 1749 1123 1782 sat.
1151 1746 1214 1788 VI,
1242 1745 1300 1781 65.
1328 1746 1386 1789 66,
1410 1746 1490 1789 ubi,
1520 1758 1566 1781 ne
1583 1748 1705 1782 multa
1718 1746 1842 1782 dicam

486 1807 532 1840 de
557 1808 668 1840 rebus
697 1818 831 1852 parum
853 1808 1032 1850 honestis,
1059 1808 1159 1842 male
1188 1807 1426 1854 coniungitur
1452 1809 1610 1842 subitum
1631 1812 1666 1842 et
1688 1808 1842 1841 misera-

486 1866 571 1905 hile‚'
597 1867 770 1911 longum,·
795 1879 883 1902 nam
903 1880 1023 1914 neque
1049 1869 1189 1914 copulae
1214 1868 1267 1902 ita
1292 1869 1418 1913 positae
1445 1873 1482 1904 et
1505 1869 1646 1903 omissae
1672 1868 1844 1913 exempla

490 1928 639 1971 prolata
664 1932 749 1961 sunt
774 1932 840 1961 aut
855 1940 1020 1973 unquam
1037 1931 1289 1975 proferentur,
1316 1933 1353 1963 et
1368 1929 1538 1964 inaudita
1559 1941 1710 1974 prorsus
1726 1928 1845 1974 signi-

486 1987 613 2022 ficatio
638 1987 763 2022 verbis
791 1989 1017 2035 adfingitur,
1047 1991 1232 2024 vocabulo
1258 1989 1408 2034 longum
1432 1990 1493 2022 vel
1518 1990 1703 2032 ridicula3
1745 1989 1845 2034 quod

487 2048 586 2082 enim
617 2048 689 2082 hoc
726 2060 844 2094 genus
869 2051 1082 2085 saltationis
1109 2055 1183 2093 est,
1219 2050 1315 2095 quod
1351 2050 1501 2094 longum
1537 2050 1742 2096 exprimat,
1779 2053 1845 2084 aut

488 2108 568 2153 quis
601 2108 664 2143 hic
700 2110 889 2144 affectus?
937 2112 1014 2146 Nec
1049 2123 1138 2146 sane
1171 2112 1249 2145 haec
1275 2110 1598 2156 exprimebantur,
1624 2111 1687 2145 sed
1712 2110 1844 2144 mollia

488 2173 524 2202 et
541 2169 694 2211 lasciva,
720 2182 798 2214 quae
816 2182 888 2216 quo
905 2173 1015 2207 modo
1033 2174 1246 2217 spectentur
1274 2180 1298 2206 a
1321 2169 1490 2213 feminis,
1515 2175 1628 2216 pocta
1655 2169 1843 2205 describit.

490 2229 836 2275 lnterpungendum
863 2236 935 2265 est:

793 2292 943 2336 Appula
968 2290 1114 2336 gannit,

573 2350 678 2385 Sicut
703 2350 738 2384 in
763 2352 958 2396 amplexu,
985 2351 1148 2385 subitum
1180 2355 1216 2386 et
1240 2351 1478 2387 miserabile:
1509 2353 1666 2397 longum

573 2412 742 2446 Attendit
764 2413 975 2457 Thymele,
1006 2412 1174 2456 Thymele
1199 2418 1286 2447 tunc
1312 2414 1450 2448 rustica
1479 2413 1599 2447 discit.

489 2471 683 2506 Adiectiva
711 2485 778 2517 pro
805 2472 989 2507 adverbiis
1019 2478 1124 2515 sunt3
1158 2475 1315 2519 longum
1339 2475 1518 2516 attendit,
1555 2472 1662 2507 cuius
1696 2469 1843 2506 animus

488 2534 600 2578 plane
626 2534 765 2567 defixus
792 2538 847 2568 cst
879 2534 913 2568 in
951 2535 1266 2579 contemplatione
1300 2547 1367 2569 nec
1392 2535 1479 2569 inde
1513 2533 1683 2568 abstrahi
1710 2536 1845 2578 potest·

491 2594 649 2628 Minime
687 2586 814 2628 autem
840 2595 1044 2640 Thymeles
1082 2595 1231 2629 nomine
1257 2596 1433 2630 rusticam
1460 2600 1496 2630 ct
1521 2596 1652 2629 rudem
1675 2594 1843 2638 puellam

493 2655 708 2699 appellavit.
769 2656 892 2690 Taum
920 2656 1088 2690 libidinis
1113 2657 1300 2691 movendae
1335 2661 1415 2691 arte
1444 2656 1668 2700 Bathyllum
1702 2653 1843 2687 saltare

491 2715 603 2757 dicit,
646 2721 686 2752 ut
721 2717 782 2751 vel
814 2717 1003 2763 Thymele
1038 2717 1179 2752 rustica
1213 2721 1250 2753 ct
1285 2716 1376 2752 artis
1409 2716 1584 2761 imperita
1609 2715 1780 2750 videatur
1808 2717 1844 2747 et

491 2776 620 2816 discat,
