1981 3390
1467 277 1564 326 285

188 399 374 440 instituti
418 398 598 440 historia
645 395 919 452 expedienda
953 403 1138 445 restaut3
1180 409 1278 438 nam
1320 398 1373 439 de
1400 399 1634 454 generibus

182 483 224 514 et
254 476 348 516 iure
389 476 480 517 sere
509 477 615 516 satis
651 482 716 515 est
748 475 923 515 dictum.

269 550 277 556 ’
302 553 445 593 Finito
478 551 596 593 bello
629 550 793 593 Punico
824 552 1039 604 secundo,
1081 566 1210 607 quum
1254 565 1463 594 concussa
1504 552 1635 594 velw-

178 629 310 670 menti
362 638 480 670 motu
526 629 654 671 ltalia
709 629 920 670 firmanda
960 638 1099 680 essct,
1144 640 1346 671 revocato
1397 638 1495 685 post
1538 631 1632 672 lon—

175 719 278 758 gum
314 706 594 748 intervallum
644 709 805 748 veteris
843 708 1047 762 temporis
1080 721 1226 757 more,
1269 715 1382 759 (nam
1416 711 1631 749 ne1mari-

174 784 279 824 tima
313 785 485 839 quidem
519 800 596 840 per
630 787 944 840 quinquaginta
977 798 1115 825 annos
1155 794 1253 839 post
1287 786 1508 841 Fregenas
1539 785 1632 826 ulta

175 869 268 901 erat
301 862 527 915 deducta),
567 865 609 903 in
651 877 701 903 ea
739 863 859 912 loca,
904 876 998 917 quae
1043 862 1115 901 diu
1148 861 1372 903 Hannibal
1417 872 1630 913 tenuerat,

174 952 287 978 anno
332 940 414 979 194
459 938 704 994 complures
745 939 905 979 civium
945 940 1171 978 maritimae
1214 938 1395 979 coloniae
1439 940 1630 994 praesidii

173 1030 303 1057 causa
343 1018 486 1057 missae
530 1024 652 1066 sunt,
696 1016 873 1069 antiquo
916 1029 1085 1070 quoque
1131 1029 1310 1056 numero
1358 1024 1630 1058 trecenarium

171 1091 436 1133 familiarum
470 1094 654 1145 scripto,
685 1090 910 1142 Puteolos,
942 1091 1236 1144 Vulturnum,
1273 1093 1517 1144 Liternum,
1549 1095 1628 1136 Sa-

168 1169 365 1220 lernum,
408 1168 690 1221 Buxentum,
733 1171 988 1225 Sipontum,
1023 1168 1282 1225 Tempsam,
1315 1170 1548 1213 Crotonem
1572 1174 1627 1224 1).

172 1246 314 1295 Quam
347 1261 499 1301 parum
546 1255 793 1288 constantes
827 1248 968 1287 socios
1005 1246 1158 1287 harum
1191 1249 1420 1302 regionum
1462 1249 1629 1290 incolas

171 1323 359 1365 Romani
402 1325 577 1379 experti
620 1332 792 1375 essent,
835 1333 985 1364 notum
1028 1332 1117 1374 est,
1160 1333 1393 1380 exstatque
1435 1326 1488 1366 de
1528 1327 1627 1367 odio

171 1409 213 1441 et
256 1400 448 1442 vindicta
492 1415 516 1441 a
547 1401 755 1442 Romanis
799 1401 851 1441 de
894 1399 1075 1441 Bruttiis
1116 1410 1287 1456 sumpta
1331 1404 1627 1444 testimonium

171 1477 455 1518 memorabile
487 1478 597 1533 apud
633 1477 826 1518 Gellium
849 1480 906 1528 2).
971 1477 1122 1533 Itaque
1151 1478 1303 1519 eodem
1334 1494 1447 1520 anno
1475 1479 1627 1531 latum,

169 1563 216 1595 ut
244 1555 413 1596 Latinae
448 1569 618 1610 quoque
661 1554 840 1595 coloniae
880 1554 1022 1596 altera
1067 1556 1111 1595 in
1144 1553 1367 1607 Bruttios,
1414 1556 1552 1599 altera
1582 1559 1626 1598 in

194 1731 233 1774 ¹)
263 1730 343 1764 Liv.
370 1731 539 1772 XXXIV,
577 1729 631 1765 45.
691 1730 766 1764 Lex
795 1730 840 1764 de
864 1729 1058 1773 Puteolis,
1090 1731 1299 1774 Vulturno,
1334 1731 1509 1775 Literno,
1555 1732 1626 1767 Sa-

260 1791 390 1832 lerno,
427 1791 621 1832 numento,
657 1790 695 1823 in
730 1791 864 1835 quibus
899 1803 1098 1825 numerum
1124 1793 1252 1827 Livius
1277 1794 1453 1835 adnotat,
1490 1793 1566 1827 iam
1593 1803 1627 1827 a·

259 1850 437 1885 1971ata
465 1861 499 1885 a.
527 1852 566 1885 C.
603 1851 724 1884 Acilio
762 1851 913 1885 tribuno
950 1852 1071 1895 plebis
1107 1854 1208 1894 erat,
1242 1853 1527 1897 triumvirique,
1565 1853 1628 1897 qui

258 1923 325 1956 per
349 1916 424 1946 tres
451 1922 566 1945 annos
593 1911 857 1956 magistratum
876 1923 962 1946 eum
979 1912 1176 1954 haberent,
1203 1913 1319 1947 creati
1337 1913 1434 1956 (Liv.
1455 1913 1625 1953 XXXII,

259 1971 350 2014 29),
375 1976 418 2005 ut
446 1971 645 2004 videantur
669 1972 790 2005 multa
822 1973 1066 2016 praeparanda
1092 1971 1219 2005 fuisse.
1283 1973 1326 2006 Λ.
1360 1973 1428 2006 186
1456 1973 1518 2016 Sp·
1549 1972 1624 2005 Po-

261 2031 420 2065 stumius
462 2032 591 2064 consul
638 2031 887 2072 renuntiavit,
924 2036 1190 2076 peragrantem
1229 2043 1269 2065 se
1304 2037 1504 2076 utrumque
1536 2031 1625 2065 litus

262 2091 379 2124 ltaliae
407 2091 572 2124 desertas
599 2091 765 2124 colonias
790 2091 989 2136 Sipontum
1016 2096 1052 2125 et
1079 2092 1289 2125 Buxentum
1317 2092 1526 2132 invenisse3
1553 2091 1623 2125 ita-

264 2163 336 2196 que
360 2151 496 2185 itcrum
525 2151 675 2184 deducti
701 2151 824 2185 coloni
851 2156 937 2186 sunt
963 2151 1061 2194 (Liv.
1081 2150 1284 2193 XXXIX,
1310 2151 1385 2195 23).
1444 2152 1624 2194 velleius,

264 2216 558 2245 commemorata
583 2211 660 2245 sive
688 2211 851 2245 Lunensi
878 2211 956 2245 sive
981 2211 1142 2245 Lueensi
1165 2211 1336 2253 colonia,
1363 2223 1474 2257 quam
1497 2223 1529 2246 a.
1558 2213 1625 2246 178

260 2272 458 2305 deductam
486 2271 612 2316 ponit,
640 2271 799 2311 Eodem,
826 2271 966 2315 inquit,
1007 2275 1206 2315 temporum
1232 2276 1376 2313 tractu,
1411 2283 1625 2315 quamquam

258 2333 360 2375 apud
393 2332 567 2375 quosdam
599 2333 821 2377 ambigitur,
864 2331 1016 2365 Putelos
1055 2332 1317 2376 Salernumque
1349 2337 1384 2365 et
1420 2333 1625 2366 Buxentum

256 2392 361 2425 missi
387 2392 516 2425 coloni.
571 2392 739 2436 Apparet
759 2403 866 2426 error
891 2403 934 2424 ex
960 2390 1057 2424 Livii
1086 2392 1314 2433 narratione,
1342 2393 1420 2426 haec
1454 2393 1627 2427 distincte

256 2452 301 2485 ad
331 2463 417 2486 suos
445 2463 559 2487 annos
585 2457 622 2487 et
641 2457 761 2487 certos
786 2451 957 2487 homines
983 2452 1193 2487 referentis.
1249 2452 1431 2497 Reliquas
1455 2454 1625 2488 Velleius

257 2512 410 2547 omittit.

187 2575 227 2615 ²)
256 2573 337 2606 Lib.
365 2573 425 2614 X,
451 2573 474 2607 3
499 2574 544 2608 de
569 2572 751 2608 ministris
781 2573 1093 2619 magistratuum,
1134 2573 1199 2618 qui
1234 2573 1425 2607 Bruttiani
1448 2573 1624 2606 diceban-

254 2638 337 2667 tur:
388 2633 587 2677 Postquam
625 2634 811 2668 Hannibal
849 2634 963 2667 Italia
1011 2635 1190 2673 decessit,
1236 2635 1468 2678 superatique
1508 2633 1628 2665 Poeni

0 2358 6 2587 Q—
0 2178 7 2335 -q,.-.—..

257 2697 366 2732 sunt,
409 2693 576 2728 Bruttios
600 2694 810 2739 ignominioe
837 2705 957 2728 causoe
984 2706 1055 2728 non
1083 2695 1215 2727 milites
1243 2694 1445 2727 scribebant
1469 2703 1534 2724 nec
1555 2703 1624 2734 pro

254 2754 362 2788 sociis
388 2754 580 2795 habebant,
607 2757 671 2790 sed
699 2755 979 2799 magistratibus
1006 2756 1041 2788 in
1062 2755 1274 2799 provincias
1302 2753 1467 2787 cuntibus
1490 2762 1623 2794 parere

256 2821 290 2848 ct
324 2817 610 2858 proeministrare
656 2827 842 2851 serrorum
885 2815 996 2850 vicem
1036 2816 1229 2851 iusserunt.
1309 2815 1412 2848 ldcm
1454 2823 1476 2847 a
1511 2812 1621 2847 Festo

255 2880 443 2911 narratur.
