1981 3390
1462 301 1560 350 37³

169 427 211 464 in
246 439 330 480 quo
360 426 536 467 minime
566 434 660 472 me,
689 419 802 476 quod
836 419 1064 475 Zumptius
1095 419 1272 471 scribit,
1315 424 1518 461 avaritiae
1546 435 1620 462 vo-

168 499 368 542 cabulum
407 498 613 547 offendit,
655 498 745 552 (qui
775 506 922 552 posset
954 497 1119 549 enimi)
1160 497 1236 538 sed
1274 495 1432 538 leviter
1469 496 1618 551 displi-

167 561 292 620 cebat
321 579 490 624 nimios,
538 588 668 630 quum
710 575 824 629 quod
865 576 909 616 in
950 574 1030 616 hac
1074 575 1383 616 extenuatione
1425 574 1619 615 criminis

166 653 244 695 abs
290 667 337 694 re
381 652 595 693 adiectum
641 650 890 703 videbatur,
943 654 1106 708 (itaque
1148 652 1438 707 improbarem
1479 649 1616 692 multo

163 730 304 785 magis
344 728 558 778 ίιυῖιιίίω,
610 728 723 784 quod
770 728 999 785 Zumptius
1043 730 1300 780 conficeret,
1353 731 1391 770 si
1439 740 1616 769 necesse

163 811 314 857 essen)
358 815 462 848 tum.
494 806 608 862 quod
650 805 772 846 illam
818 820 942 861 paene
983 807 1191 848 comicam
1236 805 1616 862 significationem,

165 893 370 939 tanquam
399 892 514 925 esset
547 882 694 939 aliqua
727 897 933 924 concessa
967 884 1175 934 avaritia,
1215 882 1315 924 huic
1343 883 1440 924 loco
1475 884 1618 924 minus

166 971 309 1015 aptam
341 960 598 1002 iudicabam.
665 958 835 1000 Deinde
866 968 956 1000 tum
985 958 1093 1000 illud
1125 956 1384 1000 vocabulum
1418 961 1462 1000 in
1494 958 1617 1000 nullo

164 1038 310 1079 codice
343 1045 559 1092 repertum
588 1034 820 1090 putaba1n3
854 1049 968 1077 nunc
993 1035 1120 1077 video
1151 1049 1249 1077 esse
1277 1037 1322 1077 in
1345 1034 1616 1092 vulgaribus,

163 1116 245 1157 etsi
290 1112 360 1155 vel
399 1112 461 1154 ibi
492 1111 842 1169 interpolationis
885 1114 1034 1155 tenuia
1073 1115 1263 1170 vestigia
1302 1121 1402 1154 sunt
1432 1113 1540 1168 (vid.
1564 1114 1617 1155 de

160 1192 344 1247 Lagom.
375 1190 433 1231 48
461 1197 504 1231 et
540 1191 595 1231 14
626 1189 738 1246 apud
771 1189 989 1246 Zumpt.)3
1023 1192 1068 1232 in
1109 1189 1237 1233 bonis
1271 1206 1358 1233 non
1389 1200 1476 1241 est3
1518 1206 1618 1233 nam

163 1269 217 1310 de
247 1269 345 1310 Par.
375 1268 491 1310 7724
516 1267 572 1309 A.
599 1266 820 1322 Krarupio
851 1267 933 1309 hoc
960 1267 1058 1310 loco
1088 1267 1283 1311 diffidere
1305 1283 1452 1326 cogor,
1485 1284 1623 1326 quum

162 1344 358 1387 Orellius
392 1345 436 1385 in
475 1358 555 1386 sua
595 1330 832 1386 collatione
877 1346 1015 1400 regii,
1055 1346 1099 1387 id
1142 1355 1234 1398 est,
1274 1346 1397 1387 illius
1439 1345 1617 1397 codicis,

160 1423 275 1463 (licat
307 1435 404 1463 esse
431 1425 579 1463 etm‘te.
649 1421 742 1463 Iam
783 1422 827 1462 in
871 1421 978 1473 hoc,
1018 1424 1063 1464 in
1105 1423 1204 1465 coll.
1239 1423 1385 1465 Haun.
1416 1432 1460 1469 et
1490 1423 1615 1466 Leid.

160 1501 278 1554 (nam
319 1497 483 1540 Guelff.
522 1497 588 1539 Et
626 1502 738 1540 enim
778 1500 958 1554 propius
999 1499 1052 1541 ad
1090 1499 1316 1557 vulgatam
1358 1503 1616 1557 scripturam

160 1576 342 1628 accedit)
381 1575 567 1616 alterum
608 1575 871 1617 vocabulum
911 1585 978 1617 est
1018 1585 1119 1618 ante
1158 1583 1226 1626 te,·
1270 1578 1314 1619 id
1353 1577 1614 1620 vocabulum

159 1653 414 1709 compendio
455 1653 662 1707 scriptum
702 1652 861 1703 fuisse,
905 1667 964 1694 ex
1007 1653 1152 1695 Haun.
1185 1656 1379 1696 maxime
1414 1664 1457 1696 et
1488 1655 1612 1696 Leid.

158 1739 352 1787 apparet.
408 1729 491 1771 His
523 1731 723 1785 vestigiis
754 1732 987 1772 convenire
1019 1739 1062 1773 et
1091 1734 1318 1775 sententiae
1342 1741 1491 1788 aptum
1518 1747 1614 1774 esse

156 1808 362 1865 putabam
405 1812 597 1858 tantum,
646 1822 726 1850 nec
766 1822 879 1850 nunc
916 1807 1140 1865 improbo,
1171 1825 1263 1854 ,nec
1303 1820 1447 1852 tamen
1485 1810 1613 1851 valde

159 1885 431 1927 contendam.
1066 1871 1075 1881 ’

279 1962 350 2004 Ad
384 1970 656 2013 extremum,
690 1975 743 2002 ne
772 1963 817 2003 in
850 1964 1071 2004 dissensus
1101 1966 1509 2005 commemoratione
1540 1964 1612 2004 de-

159 2040 325 2089 sinam,
363 2030 416 2080 ad
451 2038 662 2080 bonorum
695 2038 906 2082 librorum
947 2043 1205 2094 scripturam
1243 2043 1287 2082 in
1328 2040 1475 2097 aliquo
1515 2041 1610 2083 loco

158 2113 522 2167 confirmandam,
567 2131 694 2172 quam
739 2131 907 2158 mecum
949 2118 1175 2171 Zumptius
1219 2126 1362 2170 tenet,
1403 2118 1479 2160 sed
1513 2117 1613 2160 sub-

157 2192 386 2245 dubitans,
419 2194 626 2250 exempla
653 2194 844 2250 quaedam
873 2195 1034 2235 similia
1054 2195 1234 2244 addam3
1268 2210 1365 2237 nam
1384 2210 1467 2252 quo
1486 2197 1612 2237 modo

155 2272 236 2321 69,
269 2273 353 2312 177
381 2269 543 2322 (Quum
577 2270 769 2327 [legem]
801 2285 886 2312 uon
915 2276 954 2313 is
979 2274 1296 2327 promulgavit,
1329 2287 1411 2328 quo
1442 2277 1614 2314 nomine

149 2351 437 2402 proscriptam
487 2348 682 2402 ve·dece·s,)
724 2363 840 2390 novo
881 2351 1056 2391 nomine
1096 2350 1260 2392 adscito
1305 2352 1366 2392 ita
1408 2348 1612 2391 definitur

152 2437 390 2477 pronomen
424 2424 683 2476 relativum,
719 2434 765 2466 ut
792 2425 943 2468 laxius
972 2441 1068 2468 cum
1095 2427 1440 2482 praecedentibus
1473 2428 1611 2469 cohae-

152 2510 246 2542 reat
278 2502 384 2553 (uon
412 2506 477 2554 is,
518 2506 597 2559 qm·
622 2502 673 2544 id
699 2516 852 2544 nomen,
883 2503 1036 2556 habet,
1078 2508 1196 2560 quo),
1241 2507 1303 2547 sic
1324 2504 1362 2563 ¹I
1404 2507 1448 2546 in
1481 2504 1610 2546 Verr.

150 2579 231 2628 38,
270 2579 327 2619 95
356 2580 534 2622 dicitur:
584 2579 651 2622 his
680 2580 945 2633 nominibus,
989 2595 1084 2637 quoe
1115 2596 1185 2624 res
1218 2596 1304 2638 per
1344 2595 1437 2623 eum
1472 2586 1610 2635 ges-taz

154 2660 255 2697 suut
283 2655 340 2706 (id
372 2665 452 2707 est,
486 2656 553 2697 his
576 2657 824 2698 nominibus
851 2660 1084 2712 rationum,
1115 2675 1208 2716 quae
1237 2660 1289 2700 ad
1315 2672 1389 2699 eas
1415 2672 1484 2698 res
1514 2659 1607 2713 per—

154 2733 316 2782 tinent,
352 2736 506 2787 quas),
539 2741 583 2774 et
617 2735 730 2790 apud
760 2731 869 2776 Caes‘.
898 2734 948 2776 Β.
978 2735 1028 2777 C.
1063 2737 1106 2788 I,
1137 2739 1186 2778 8:
1220 2738 1385 2790 reliquo
1416 2748 1607 2775 sermone

153 2807 379 2860 confecto,
412 2813 534 2850 cuiue
566 2814 637 2852 rei
663 2824 795 2853 causa
825 2819 1009 2854 venerat
1036 2814 1097 2864 (id
1129 2822 1216 2862 est,
1255 2814 1307 2852 de
1339 2826 1389 2852 ea
1421 2824 1495 2861 re,
1538 2825 1608 2851 cu—

154 2887 268 2937 ius);
309 2900 407 2928 uam
454 2887 594 2928 minus
636 2888 890 2930 offensionis
933 2889 1063 2932 habet
1097 2890 1245 2932 Divin.
1282 2890 1358 2938 13,
1405 2890 1455 2929 41
1489 2889 1609 2928 illius
