1981 3390
1467 247 1560 295 321

182 369 298 409 mine
322 380 408 409 non
439 373 630 416 exstant,
662 366 770 406 satis
803 371 1036 414 constaret,
1067 361 1288 418 pleniores
1318 376 1393 406 eos
1427 364 1632 409 habuisse

181 445 351 486 codices
396 444 616 492 Lucretii,
667 455 796 497 quam
838 443 975 482 nostri
1016 449 1140 492 sunt,
1193 441 1246 481 de
1300 440 1462 496 duplici
1503 443 1632 484 huius

180 523 382 562 carminis
411 520 664 560 recensione
695 521 872 574 antiqua
902 520 1094 574 suspicio
1129 526 1224 558 orta
1258 526 1344 569 est,
1380 534 1507 574 quam
1537 522 1631 575 opi-

179 600 352 639 nionem
380 605 477 652 post
501 596 843 637 Eichstaedtium
883 599 948 646 (in
981 597 1342 637 commentatione
1374 596 1425 637 de
1456 597 1630 639 Lucret-

176 676 255 715 vit.
296 682 340 714 et
376 687 505 714 carm.
550 682 649 714 ante
693 676 786 714 eius
833 674 1084 724 editionem)
1130 687 1266 728 nuper
1312 673 1525 730 Forbiger
1565 676 1630 729 (in

176 749 481 791 dissertatione
534 751 587 790 ‹le
637 750 840 792 Lucretii
884 755 1073 790 carmine
1121 765 1148 791 a
1197 755 1406 805 scriptore
1450 756 1629 793 serioris·

175 832 322 870 aelutis
349 827 487 868 denuo
515 832 807 881 pertractato)
843 830 903 868 ita
936 841 1152 869 exornare
1188 828 1374 877 studuit,
1413 838 1459 868 ut
1485 838 1629 871 tamen

174 905 296 946 illius
327 907 591 947 recensionis
619 920 761 960 neque
787 907 1000 946 rationem
1025 918 1164 958 neque
1185 918 1337 945 causas
1360 908 1466 946 satis
1485 907 1629 961 expli-

176 990 308 1022 caret.
369 981 462 1022 Iam
493 990 637 1022 autem
669 990 812 1034 patet,
856 981 959 1020 illos
988 980 1108 1020 locos
1141 982 1183 1019 in
1219 982 1378 1021 nostris
1409 982 1630 1024 codicibus

174 1067 351 1114 propter
395 1058 575 1099 eandem
618 1071 791 1098 causam
832 1057 1097 1108 desiderari,
1137 1065 1265 1112 atque
1304 1072 1405 1108 eos,
1446 1074 1630 1114 quorum

172 1137 299 1176 initia
332 1145 404 1176 aut
436 1136 583 1175 exitus
615 1147 844 1189 superesse
874 1135 1095 1185 videmus,
1143 1149 1271 1189 quum
1303 1134 1471 1190 reliqua
1507 1138 1628 1177 exci-

175 1213 340 1263 derint,
381 1221 556 1267 propter
585 1213 678 1252 eius
713 1212 898 1262 codicis,
946 1226 1004 1252 ex
1050 1225 1132 1267 quo
1166 1226 1315 1253 omnes
1345 1215 1483 1253 nostri
1512 1213 1629 1254 ducti

174 1298 297 1339 sunt,
328 1289 639 1329 condicionem.
702 1288 838 1329 Velut
869 1289 980 1343 quod
1012 1290 1193 1331 Servius
1221 1290 1274 1329 ad
1307 1289 1433 1345 Virg.
1464 1290 1626 1346 Georg-

163 1348 240 1416 x11,
268 1367 323 1405 42
354 1380 445 1420 sqq.
472 1374 513 1406 et
546 1366 596 1406 ad
630 1365 804 1406 AEneid.
834 1365 922 1414 VI,
963 1366 1047 1405 625
1078 1379 1169 1420 sqq.
1205 1365 1326 1415 (Nou
1357 1380 1436 1420 ego
1470 1373 1627 1409 cuncta

173 1447 277 1484 meis
307 1444 512 1497 amplecti
541 1442 734 1483 versibus·
762 1448 885 1497 opto,
916 1441 1035 1493 Nou,
1066 1441 1172 1482 milei
1202 1446 1244 1482 si
1270 1444 1428 1496 lingum
1459 1450 1625 1485 centum

171 1523 262 1560 sinc
298 1533 460 1574 oraque
494 1525 684 1569 centum,
735 1518 903 1562 Ferrea
945 1532 1033 1560 vox
1072 1517 1171 1574 etc.)
1219 1519 1391 1569 scribit,
1431 1519 1626 1562 Lucretii

172 1609 268 1636 esse
297 1610 469 1647 versus,
500 1597 578 1637 sed
609 1610 708 1637 eum
742 1610 898 1636 teneam
933 1610 1091 1646 vocem,
1126 1611 1211 1637 non
1228 1595 1432 1645 ferream
1466 1598 1625 1649 dicere,

171 1682 367 1729 apertum
397 1682 487 1724 est,
523 1673 770 1714 huiusmodi
804 1688 956 1714 versus
991 1675 1152 1728 optime
1185 1673 1328 1714 locum
1361 1673 1521 1715 habere
1549 1689 1625 1730 po-

171 1752 306 1791 tuisse
339 1753 382 1791 in
419 1752 500 1802 iis,
531 1765 624 1806 quae
657 1759 756 1791 ante
791 1766 831 1791 v.
864 1753 947 1792 610
975 1750 1078 1791 libri
1110 1753 1229 1792 sexti
1264 1752 1482 1792 excidisse
1512 1751 1624 1802 dixi,

169 1836 298 1883 poeta
331 1828 382 1868 ad
420 1828 728 1869 miraculorum
769 1829 917 1868 mundi
960 1828 1246 1878 diversissimi
1289 1829 1463 1883 generis
1490 1830 1623 1869 ratio-

169 1918 268 1946 nem
297 1905 556 1946 reddendam
587 1905 832 1946 accedente.
895 1904 1063 1946 Verum
1097 1904 1226 1945 simul
1257 1904 1337 1945 hac
1363 1913 1510 1946 nostra
1537 1906 1623 1945 dis-

169 1983 394 2036 putatione
441 1983 564 2036 quasi
596 1981 736 2022 obiter
776 1981 942 2036 aliquot
977 1981 1194 2035 exemplis
1227 1980 1374 2035 aliqua
1406 1995 1466 2021 ex
1498 1989 1622 2035 parte

167 2057 431 2112 patefactum
475 2072 570 2098 esse
610 2067 740 2110 puto,
795 2057 936 2112 qualis
981 2060 1037 2098 sit
1079 2060 1211 2098 totius
1254 2057 1382 2097 huius
1419 2060 1620 2099 carminis

171 2136 319 2175 critica
360 2135 580 2185 condicio,
635 2149 847 2190 quamque
881 2135 1065 2185 frustra,
1117 2136 1153 2174 si
1193 2135 1455 2189 paucissima
1490 2149 1620 2176 exce-

169 2213 286 2266 peris
321 2220 362 2252 et
395 2212 485 2252 fere
524 2213 715 2263 minuta,
760 2214 1022 2253 recentiores
1069 2211 1403 2267 sibilgratulati
1443 2213 1529 2252 sint
1567 2213 1619 2253 de

171 2289 265 2327 eius
305 2288 628 2339 emendatione,
670 2304 800 2344 quum
830 2291 986 2344 partim
1016 2303 1093 2344 pro
1125 2289 1385 2330 coniecturis
1415 2288 1620 2329 Lambini

170 2372 213 2404 et
252 2363 436 2405 aliorum
469 2365 794 2407 substituissent
826 2381 911 2407 non
945 2367 1087 2408 minus
1126 2367 1382 2406 auctoritate
1413 2367 1620 2406 destituta

169 2449 212 2482 et
243 2441 380 2482 multo
413 2444 563 2496 peiora
593 2452 835 2485 commenta
863 2443 1112 2494 hominum,
1145 2444 1218 2498 qui
1246 2442 1394 2483 seculo
1427 2443 1522 2486 XV
1553 2457 1620 2485 re-

167 2521 437 2560 centissimos
471 2521 639 2562 codices
673 2521 1015 2577 interpolarunt,
1053 2522 1211 2577 partim
1244 2519 1498 2575 simpliciter
1528 2529 1621 2562 tan-

167 2611 293 2651 quam
322 2610 428 2637 sana
459 2598 754 2639 defendissent
781 2607 824 2639 et
856 2598 1046 2655 intelligi
1070 2613 1196 2655 posse
1215 2607 1441 2653 putassent
1465 2598 1620 2638 menda

166 2674 362 2716 codicum
396 2677 666 2727 communia,
698 2690 873 2717 sensum
904 2676 1071 2717 nullum
1107 2675 1336 2727 habentia,
1381 2689 1471 2730 quae
1503 2683 1619 2715 eate-

165 2764 247 2791 nus
296 2759 462 2792 tantum
500 2766 596 2793 cum
637 2755 926 2810 corruptionis
959 2763 1061 2795 nota
1102 2753 1347 2795 revocanda
1379 2761 1525 2802 crant,
1558 2760 1620 2801 ut,

170 2841 301 2882 quum
334 2838 451 2871 certa
485 2830 728 2872 emendatio
761 2846 844 2874 non
876 2841 1149 2888 suppeteret,
1192 2846 1245 2872 ne
1277 2829 1524 2871 luderemui·
1558 2838 1619 2868 te-

1307 2910 1352 2942 21
