1981 3390
424 254 523 303 460

357 374 560 414 resistere
590 381 630 415 et
658 388 881 416 remanere
913 377 955 415 in
984 375 1126 430 patria
1155 374 1378 421 voluisset.
1435 375 1527 419 Iam
1559 376 1673 430 vide,
1700 380 1801 433 quid

358 451 505 492 addat:
539 452 587 493 Si
620 452 726 492 mihi
755 454 827 492 uni
856 452 1119 506 pereundum
1150 452 1329 504 fuisset,
1361 468 1410 496 ac
1442 469 1527 495 non
1556 453 1686 495 simul
1719 456 1803 496 rei-

353 527 564 583 publicae,
589 534 730 568 tamen
762 530 902 582 perire
934 528 1198 569 maluissem.
1271 530 1370 579 Quo
1398 531 1513 572 istud
1542 539 1708 586 spectat
1737 537 1803 572 ta-

356 607 482 644 men?
524 604 736 658 Apertum
779 612 844 643 est
883 606 1024 654 enim,
1070 612 1161 644 tum
1204 604 1277 646 vel
1317 609 1508 648 maxime
1556 607 1802 649 obeundum

353 679 540 721 libenter
571 682 793 720 interitum
825 680 975 729 fuisse,
1007 682 1045 720 si
1077 682 1205 720 unius
1236 682 1374 734 ipsius
1403 683 1558 724 fuisset
1591 698 1670 725 nec
1700 699 1800 727 con-

353 758 525 797 iunctus
559 771 652 797 cum
683 759 747 797 rei
775 756 958 811 publicae
985 758 1190 811 pernicie.
1247 757 1398 812 Itaque
1431 758 1520 800 haec
1550 774 1635 800 non
1662 761 1800 802 cohae-

351 829 462 874 renti
516 832 609 875 Nec
647 833 852 885 meliora,
902 847 994 889 quae
1038 835 1170 874 ceteri
1209 841 1397 886 tentant,
1434 843 1588 891 praeter
1626 836 1804 878 Lambi-

352 924 480 960 num,
524 912 597 965 qui
639 910 828 965 aliquam
873 920 1037 965 partem
1070 913 1163 952 veri
1199 912 1319 953 vidit.
1391 911 1504 954 Nam
1543 927 1674 968 quum
1703 928 1803 969 gra·

350 989 447 1028 vius
478 987 640 1042 aliquid
674 987 1021 1043 subiungendum
1050 996 1202 1040 putent
1233 989 1457 1043 particulis
1490 1004 1543 1031 ac
1574 1004 1673 1040 non,
1705 988 1797 1032 effi-

352 1065 484 1114 ciunt,
515 1072 560 1104 nt
580 1066 746 1104 exitum
771 1078 857 1104 non
888 1064 1046 1105 habeat
1077 1073 1274 1106 extrema
1306 1080 1405 1119 pars
1435 1069 1674 1118 sententiae,
1707 1081 1800 1122 quae

351 1141 432 1182 hoc
470 1141 552 1181 dici
586 1141 798 1195 postulat:
845 1142 1028 1182 Etiamsi
1070 1143 1328 1195 gravissima
1361 1158 1537 1199 quaeque
1576 1146 1800 1199 proposita

349 1219 536 1259 fuissent
563 1220 633 1268 (ac
667 1232 751 1258 non
783 1218 953 1259 leviora
984 1218 1167 1269 multo),
1201 1227 1344 1259 tamen
1378 1220 1585 1261 libentius
1618 1229 1799 1261 mortem

350 1297 639 1350 oppetissem,
687 1309 815 1349 quam
845 1309 942 1336 cum
976 1294 1224 1350 reipublicae
1254 1298 1446 1348 pernicie
1481 1296 1548 1337 bis
1582 1299 1798 1339 vicissem.

346 1371 516 1412 Deinde
536 1385 621 1412 non
643 1372 804 1422 dicunt,
837 1386 920 1427 quo
939 1372 1130 1413 referant
1150 1372 1271 1413 illam
1294 1374 1582 1414 conditionem
1605 1374 1666 1428 (si
1683 1375 1798 1425 etc.),

348 1457 490 1490 utrum
520 1451 711 1489 manenti
730 1464 779 1490 ac
808 1451 1091 1504 repugnanti,
1121 1463 1173 1490 an
1194 1450 1363 1491 cedenti
1379 1451 1644 1506 pereundum
1660 1451 1797 1491 fuisse

345 1534 512 1580 putent.
567 1526 784 1567 Videntur
815 1534 959 1566 tamen
982 1528 1074 1567 fere
1102 1528 1246 1582 priore
1279 1528 1406 1568 modo
1437 1529 1648 1583 accipere,
1676 1542 1797 1583 pror-

344 1616 418 1643 sus
451 1617 670 1658 perverse.
752 1603 895 1652 Quum
929 1605 1044 1644 enim
1084 1610 1163 1644 aut
1191 1604 1427 1645 cedendum
1461 1611 1560 1655 aut,
1601 1607 1637 1645 si
1666 1619 1794 1660 repu-

344 1689 523 1736 gnaret,
557 1679 622 1726 bis
649 1680 912 1721 vincendum
927 1688 1065 1730 esset,
1096 1679 1176 1720 hoc
1194 1683 1438 1722 necessario
1458 1682 1580 1722 dicit:
1612 1681 1796 1722 Etiamsi

342 1758 427 1798 ista
470 1757 677 1797 discessio
722 1758 922 1797 interitus
966 1757 1144 1807 fuisset,
1198 1763 1340 1798 tamen
1384 1759 1608 1798 interitum
1650 1773 1795 1800 meum

344 1834 506 1889 duplici
546 1835 739 1874 victoriae
790 1832 964 1888 publice
1015 1832 1280 1877 calamitosae
1324 1834 1626 1887 praetulissem.
1707 1837 1793 1878 Sed

342 1919 478 1952 totum
510 1919 576 1951 est
608 1910 689 1951 hoc
728 1924 904 1966 prorsus
936 1912 1232 1965 nugatorium:
1285 1912 1362 1953 ”Si
1393 1910 1498 1952 mihi
1531 1915 1793 1968 repugnanti

339 1988 607 2044 pereundum
639 1989 808 2038 fuisset,
846 1987 1098 2028 maluissem
1133 1990 1290 2043 perire,
1322 2003 1449 2044 quam
1479 1988 1545 2029 bis
1580 1991 1793 2031 vincere.”

342 2067 483 2117 Sane,
525 2067 562 2106 si
594 2065 859 2121 pereundum
901 2073 1019 2115 erat,
1058 2079 1144 2106 non
1188 2074 1315 2117 erat,
1361 2081 1435 2107 cur
1475 2068 1646 2119 mallet,
1677 2069 1791 2123 quod

339 2144 630 2183 necessarium
665 2151 793 2184 esset.
857 2141 971 2182 Tum
1001 2142 1088 2183 alia
1119 2143 1279 2183 addunt
1310 2145 1352 2184 in
1388 2144 1573 2199 singulis
1595 2145 1789 2195 vulnera,

338 2235 431 2274 qua:
460 2219 639 2275 longum
674 2228 740 2260 est
773 2219 1017 2274 explicare3
1052 2220 1171 2261 velut
1200 2222 1242 2261 in
1267 2220 1423 2261 Orellii
1450 2220 1635 2263 lectione
1665 2236 1787 2278 pror-

338 2311 410 2336 sus
442 2296 519 2337 illa
549 2297 768 2337 abundant
797 2310 921 2351 quam
951 2301 995 2338 ei
1021 2301 1291 2351 imposuisset
1311 2300 1426 2353 (quis
1449 2300 1786 2354 imposuissetil).

338 2372 539 2413 Debebat
568 2382 802 2428 praeterea,
846 2375 929 2413 ista
971 2375 1141 2427 quidem
1183 2376 1227 2414 in
1266 2377 1503 2424 sententia,
1549 2380 1789 2428 imponeret

338 2450 422 2490 dici
466 2448 536 2489 vel
580 2437 853 2502 impositurus
885 2455 1008 2489 esset.
1083 2448 1172 2488 Iam
1217 2450 1269 2489 de
1309 2450 1642 2504 interpolatione
1683 2453 1785 2507 quid

337 2526 503 2567 dicam?
537 2524 649 2567 Nam
676 2524 795 2565 illius
830 2528 899 2565 rei
924 2525 1111 2578 puble‘coe
1140 2526 1183 2564 in
1215 2525 1434 2566 codicibus
1471 2541 1524 2566 ne
1557 2529 1782 2569 minimum

334 2604 505 2659 quidem
535 2611 600 2644 est
626 2603 873 2657 vestigium.
931 2602 1013 2642 Sed
1047 2610 1255 2655 praeterea
1284 2617 1449 2653 omnes,
1483 2618 1536 2643 ne
1566 2604 1780 2646 Lambino

334 2681 503 2735 quidem
549 2688 757 2734 excepto,
808 2687 1010 2733 tanquam
1055 2680 1246 2720 codicum
1287 2680 1541 2721 auctoritate
1584 2680 1780 2722 firmissi-

332 2772 446 2798 mum
480 2759 562 2808 sit,
590 2757 721 2798 edunt
752 2760 793 2797 st*
819 2755 925 2796 milti
949 2759 1050 2805 mel,
1099 2765 1140 2796 et
1172 2758 1214 2796 in
1245 2771 1322 2807 eo,
1353 2771 1405 2798 nc
1443 2758 1573 2801 verbo
1605 2758 1775 2812 quidem

331 2834 501 2886 addito,
542 2835 865 2878 fundamentum
909 2833 1171 2888 reliquarum
1214 2836 1554 2877 coniecturarum
1586 2844 1777 2890 ponunt;
