1981 3390
414 227 513 277 416

351 347 584 397 deberent,
622 353 807 386 retracta
852 346 981 386 etiam
1025 346 1068 385 in
1112 344 1297 400 priorem
1340 344 1482 385 locum
1525 357 1633 385 esse.
1702 346 1788 387 Sed

351 423 551 464 mendum
585 436 679 463 esse
709 423 866 463 codicis
891 420 1139 471 Beruensis,
1171 434 1256 461 non
1285 420 1519 475 archetypi,
1547 422 1689 476 arguit
1721 434 1790 461 co-

353 499 441 540 dex
473 500 518 540 S.
549 499 755 540 Victoris.

470 574 635 615 Verum
655 575 858 614 Vaticani
886 570 1005 612 illius
1032 571 1190 611 codicis
1220 586 1316 612 cum
1346 574 1500 613 ceteris
1529 573 1792 628 comparatio

354 652 407 692 ad
433 664 591 705 paucas
622 649 826 702 quasdam
860 656 903 688 et
937 648 1122 700 exiguas
1154 647 1389 699 particulas
1419 651 1628 702 pertinet,
1665 655 1794 688 extra

353 740 459 781 quas
488 726 642 765 ceteris
673 724 763 764 illis
803 723 1007 763 utendum
1041 730 1106 762 est
1137 722 1256 762 solis.
1322 722 1409 771 Eos
1440 738 1588 764 omnes
1619 737 1676 763 ex
1706 736 1793 763 uno
1826 758 1832 760 .

354 803 498 842 codice
532 801 735 841 Vaticani
765 799 884 839 illius
914 807 1080 838 aetatem
1112 812 1198 838 non
1228 807 1422 852 aequante
1455 808 1497 839 et
1522 802 1608 839 iam
1647 798 1795 839 multis

352 878 461 918 locis
488 876 694 917 mendoso
723 890 802 916 nec
833 876 888 916 ad
913 874 1144 929 legendum
1171 874 1291 914 facili
1320 875 1538 915 derivatos
1564 889 1674 925 esse,
1705 888 1794 915 ma-

355 955 681 994 nifestissimum
712 960 802 1002 est,
835 951 946 1006 quod
977 950 1201 1005 permultis
1235 950 1342 991 locis
1377 965 1461 991 non
1491 951 1616 991 modo
1648 963 1796 990 omnes

331 1038 501 1084 -aperte
555 1030 744 1082 corrupti
792 1036 914 1076 sunt,
964 1026 1039 1067 sed
1082 1028 1212 1067 etiam
1254 1028 1299 1066 in
1341 1027 1583 1081 corruptela
1621 1027 1796 1067 eosdem

353 1118 530 1160 prorsus
561 1104 784 1144 literarum
820 1105 964 1157 apices
995 1102 1180 1152 habent,
1221 1117 1477 1165 quamquam
1509 1102 1656 1143 multis
1687 1102 1795 1142 locis

355 1183 400 1222 in
433 1179 746 1222 recentioribus
789 1179 909 1220 codd.
950 1178 1040 1218 haec
1082 1179 1269 1232 vestigia
1307 1179 1541 1219 omittendo
1584 1187 1626 1218 et
1667 1180 1798 1218 iuter-

355 1257 543 1312 polando
591 1255 804 1297 occultata
843 1263 957 1295 sunt.
1019 1253 1162 1308 Atque
1211 1269 1357 1295 eorum
1400 1256 1649 1296 mendorum
1693 1268 1797 1294 non-

356 1332 478 1374 nulla
504 1342 604 1373 sunt
634 1335 695 1372 ita
728 1340 877 1386 aperta
906 1329 1136 1384 faciliaque
1168 1330 1220 1370 ad
1253 1332 1579 1386 corrigendum,
1621 1338 1668 1370 ut
1700 1344 1797 1385 per-

356 1411 551 1465 spicuum
584 1410 664 1459 sit,
694 1407 946 1457 librarium,
982 1408 1055 1460 qui
1087 1407 1276 1447 codicem
1308 1407 1584 1460 archetypum
1614 1407 1800 1460 scripsit,

353 1487 395 1526 id
428 1494 519 1535 est,
561 1499 685 1535 eum,
728 1498 785 1524 ex
819 1498 902 1538 quo
942 1485 1078 1523 nostri
1116 1483 1231 1523 ducti
1263 1491 1362 1523 sunt
1394 1491 1595 1538 tanquam
1637 1496 1695 1522 ex
1728 1496 1797 1522 ca-

353 1563 442 1616 pite
468 1561 624 1610 rivuli,
658 1559 842 1600 fideliter
866 1574 990 1608 eum,
1025 1572 1150 1612 quem
1183 1560 1275 1611 ipse
1309 1567 1584 1612 sequeretur,
1616 1572 1797 1612 expres-

356 1638 479 1686 sisse,
511 1635 620 1675 nihil
648 1637 789 1689 ipsum
820 1637 1131 1675 immutantem.
1195 1632 1242 1672 Id
1277 1647 1442 1688 quoque
1473 1643 1604 1689 patet,
1636 1636 1722 1674 iam
1751 1636 1796 1674 in

355 1713 500 1753 codice
542 1711 773 1765 archetypo
813 1705 947 1751 verba
990 1711 1222 1764 separatim
1260 1712 1416 1762 scripta
1452 1710 1614 1759 fuisse3
1657 1724 1796 1764 neque

356 1789 470 1829 enim
497 1786 689 1840 alioquin
717 1789 760 1826 in
792 1787 989 1828 omnibus
1021 1788 1179 1826 nostris
1209 1785 1428 1825 codicibus
1459 1786 1667 1827 resideret
1696 1788 1798 1827 ridi-

354 1864 498 1905 culum
540 1863 739 1903 mendum
770 1877 829 1903 ex
858 1861 1003 1902 verbis
1036 1861 1149 1902 male
1180 1861 1332 1902 divisis
1362 1869 1528 1912 ortum,
1561 1877 1597 1903 c.
1635 1865 1705 1913 40,
1744 1865 1800 1904 87

357 1941 405 1993 (e
439 1953 487 1979 re
507 1953 555 1993 p.
588 1945 674 1979 tum
706 1953 785 1992 pro
819 1941 1042 1991 ereptum).
1112 1937 1205 1979 Nec
1244 1938 1386 1978 minus
1429 1946 1529 1978 sunt
1572 1931 1814 1994 perspicua·

355 2016 524 2071 reliqua
557 2017 797 2056 communis
826 2016 1008 2069 originis
1040 2015 1225 2069 vestigia
1245 2013 1299 2068 ¹).

384 2189 421 2230 ¹)
446 2189 652 2232 Exempla,
688 2187 733 2220 de
758 2187 890 2232 quibus
916 2187 1022 2221 nulla
1046 2186 1094 2222 sit
1118 2185 1301 2220 dubitatio
1327 2198 1394 2220 nec
1420 2186 1618 2230 dissensio,
1655 2187 1717 2223 hic
1741 2199 1797 2224 se-

448 2248 547 2280 lecta
573 2247 740 2291 quaedam
765 2247 963 2281 subiiciam
992 2253 1125 2292 praeter
1155 2258 1221 2288 ea,
1256 2258 1334 2291 quae
1357 2258 1470 2292 supra
1495 2247 1624 2292 posui,
1650 2249 1799 2284 vatica-

450 2317 539 2339 num
569 2307 649 2340 cod.
677 2318 984 2341 commemorans.
1037 2309 1074 2341 C.
1103 2307 1145 2349 5,
1173 2306 1219 2340 12
1248 2319 1373 2341 omnes
1402 2308 1504 2341 codd.
1532 2309 1689 2341 habent:
1723 2313 1798 2341 sta-

449 2365 535 2397 bula
556 2366 739 2407 proeclara
777 2368 927 2410 (praeter
961 2367 1086 2399 Ursini
1120 2367 1224 2407 cod.‚
1262 2366 1324 2409 qui
1359 2377 1505 2410 semper
1539 2372 1670 2411 praesto
1707 2372 1800 2410 erat,

446 2424 614 2463 fictum;)
643 2424 687 2464 9,
717 2424 785 2457 21:
813 2430 847 2457 et
872 2431 978 2458 series
1004 2426 1047 2458 de
1072 2437 1111 2457 re
1132 2425 1282 2467 publica
1309 2425 1514 2457 meritorum
1541 2438 1628 2470 pro:
1657 2432 1691 2460 et
1715 2428 1801 2461 bene

448 2484 493 2516 de
526 2494 602 2526 rep.
639 2484 844 2516 meritorum
880 2484 1025 2525 (vides,
1070 2495 1180 2528 quam
1216 2483 1395 2517 ridiculus
1433 2489 1467 2518 ct
1502 2487 1718 2530 perspicuus
1754 2488 1802 2521 sit

449 2553 578 2583 πνοι-ς
603 2542 821 2577 nominatim
850 2543 957 2576 citari
982 2548 1134 2588 possunt
1161 2544 1263 2585 Pax„
1289 2545 1399 2577 Bcrn.
1430 2545 1462 2577 1.
1490 2544 1523 2584 2,
1548 2545 1590 2586 is,
1616 2558 1687 2590 quo
1714 2559 1801 2581 usus

448 2601 662 2646 Hervagius
698 2608 774 2645 est,
813 2608 1061 2648 quattuorque
1087 2603 1202 2644 Oxx.‚
1238 2603 1274 2636 id
1304 2608 1380 2644 cet,
1419 2615 1568 2646 omncs3
1610 2617 1695 2640 nam
1725 2608 1798 2642 duo

449 2672 470 2693 e
486 2672 548 2694 sex
562 2661 640 2696 haec
657 2663 874 2706 omittunt);
901 2676 929 2697 c.
953 2661 1010 2703 27,
1029 2661 1095 2696 59:
1127 2662 1239 2702 Tulit,
1265 2664 1384 2706 gessit
1409 2664 1513 2706 (nam
1544 2664 1658 2698 codex
1676 2665 1797 2700 Mem-

449 2720 594 2755 mianus
616 2722 809 2765 Lamlnini,
831 2728 872 2757 ut
896 2734 1013 2767 saepc,
1038 2722 1255 2758 coniectura
1281 2723 1375 2766 est3)
1411 2722 1478 2765 62,
1503 2722 1591 2757 130:
1618 2724 1668 2758 ad
1692 2736 1799 2760 unum

450 2780 548 2814 dicto
575 2782 682 2817 citius
708 2795 774 2829 pro
799 2784 848 2818 ad
874 2783 1058 2817 Numidici
1084 2783 1193 2818 illius.

1972 1493 1976 1513 η

1972 1518 1976 1534 l

1972 1535 1975 1562 l

1972 1579 1976 1595 1
