1981 3390
1425 236 1515 284 143

136 360 369 415 sripturam
401 356 562 398 frustra
602 354 922 408 intempestivis
960 353 1217 396 eruditionis
1258 355 1394 409 copiis
1434 355 1583 398 desen-

137 437 201 478 dit
231 435 426 478 Beierus.
498 430 611 474 Nam
651 431 715 473 sic
757 440 1061 488 comparantur
1099 445 1186 474 nou
1225 432 1400 473 audiam
1431 441 1474 474 et
1500 446 1586 475 nou

137 513 321 562 videa»,
351 512 594 566 diciturque
616 523 702 552 non
724 510 846 550 modo
870 509 977 551 illud
993 510 1133 552 locum
1160 509 1337 561 habere,
1366 510 1586 552 sedetiam

138 592 240 639 hoc3
282 590 395 645 quod
437 597 580 629 tamen
619 587 777 629 Latine
821 603 904 629 non
940 588 1017 630 illo
1046 589 1173 630 modo
1203 590 1405 638 effer-tum
1440 590 1585 630 dicen·

135 669 235 709 dum
267 676 333 708 est
359 669 497 709 enirn:
537 680 622 708 non
655 666 776 707 modo
806 668 865 721 (id
901 675 991 718 est,
1030 677 1076 708 ut
1107 669 1471 723 interpretantur,
1500 681 1586 709 non

135 746 256 786 modo
295 749 400 799 non)
432 745 633 795 audiam,
675 745 754 784 sed
784 759 837 785 ue
873 746 1037 786 videam
1074 746 1267 800 quidelm
1312 747 1467 787 deinde
1499 761 1584 787 non

134 824 343 880 impedita
374 823 544 874 solum,
576 822 649 863 sed
681 818 943 877 perridicula
975 822 1160 864 efficitur
1187 819 1402 865 sententia
1430 839 1489 864 ex
1518 824 1585 864 his

136 910 180 944 et
209 902 326 953 illis,
357 916 450 957 quae
477 900 746 956 praecedunt:
791 899 900 940 nihil
929 915 1024 941 esse
1054 915 1112 941 ex
1145 886 1344 942 Catilinae
1375 901 1584 951 consiliis,

135 981 248 1037 quod
279 979 485 1021 affirmari
517 979 653 1034 possit
684 975 939 1019 Ciceronem
969 991 1055 1019 non
1086 979 1208 1019 modo
1238 979 1393 1020 audire
1424 978 1502 1019 sed
1533 992 1588 1019 ne

135 1059 287 1100 videre
316 1057 511 1113 quidem,-
547 1057 608 1097 ita
639 1059 756 1107 (nam
785 1066 983 1097 accurate
1006 1057 1320 1097 ostendendum
1346 1065 1426 1109 est,
1458 1071 1587 1112 quam

134 1136 350 1177 interdum
375 1137 420 1177 in
450 1148 537 1176 non
556 1133 793 1175 intellectis
812 1135 1072 1189 interpretes
1103 1133 1413 1190 acquiescant,)
1445 1136 1588 1176 minus

136 1211 188 1255 fit
224 1214 399 1264 videre,
435 1227 560 1268 quam
589 1213 766 1262 audire,
798 1221 841 1252 et
863 1212 944 1253 hoc
961 1213 1132 1263 dicitur,
1163 1211 1455 1255 confitendum
1475 1227 1587 1265 esse,

137 1289 392 1332 Ciceronem
409 1291 568 1339 omnia,
600 1291 638 1330 si
656 1303 742 1330 non
763 1290 928 1342 audire,
949 1299 993 1332 at
1015 1291 1164 1332 videre
1185 1298 1344 1333 tamen.
1399 1290 1498 1332 Non
1523 1299 1590 1332 est

137 1367 434 1419 intellectum,
478 1368 591 1424 quod
630 1367 826 1423 profecto
868 1383 953 1410 non
988 1377 1080 1410 erat
1111 1367 1288 1410 difficile
1322 1368 1587 1424 intelligere,

135 1444 260 1486 illum
288 1459 488 1495 sensum,
529 1460 657 1501 quem
697 1460 828 1500 supra
865 1447 1082 1498 indicavi,
1121 1447 1320 1502 negando
1350 1448 1412 1487 sic
1442 1447 1590 1488 efferri

136 1522 312 1575 debere,
343 1531 391 1563 ut
417 1522 533 1564 nihil
558 1523 774 1564 diceretur
801 1537 913 1574 esse,
942 1525 986 1564 in
1017 1525 1128 1579 quod
1159 1538 1252 1580 non⁴
1270 1525 1443 1566 caderet
1465 1524 1590 1575 illud,

137 1615 223 1643 non
257 1601 385 1642 modo
419 1601 568 1642 audire
614 1599 893 1652 Ciceronem,
936 1602 1010 1642 sed
1042 1604 1176 1643 etiam
1212 1603 1376 1643 videre.
1438 1601 1590 1658 Itaque

126 1693 224 1723 ,non
259 1678 446 1735 singulis
489 1678 688 1735 partibus
735 1678 967 1721 verborum
1010 1682 1251 1722 arctissime
1290 1694 1588 1722 connexorum

138 1769 225 1798 non
265 1757 387 1798 modo
431 1758 608 1798 audiam
651 1765 758 1808 etc.‚
803 1760 980 1813 negatio
1024 1759 1255 1800 inserenda
1295 1768 1387 1811 est,
1431 1760 1508 1801 sed
1536 1761 1591 1800 iis

139 1836 380 1877 coniunctis
420 1837 726 1892 praeponenda.
794 1836 916 1878 Vera
963 1845 1030 1878 est
1063 1838 1198 1892 igitur
1233 1837 1445 1878 hactenus
1476 1838 1592 1878 codi-

142 1925 238 1953 cum
271 1914 510 1968 scriptura,
540 1929 668 1969 quam
697 1913 828 1970 plane
865 1913 1092 1955 confirmat
1109 1914 1309 1956 Donatus
1334 1915 1387 1954 ad
1412 1914 1591 1955 Terent.

141 1988 251 2029 And.
282 1988 372 2038 Ill,
404 1991 455 2040 1,
488 1992 562 2038 123
605 2004 705 2032 nam
738 1992 850 2046 quod
879 1991 940 2031 ibi
966 1993 1009 2032 in
1044 1990 1306 2032 editionibus
1340 1992 1515 2033 audiam
1549 2002 1591 2033 et

144 2065 313 2107 videam
355 2074 720 2122 transponuntur,
764 2068 817 2108 ad
850 2082 940 2109 rem
973 2083 1057 2109 non
1088 2070 1290 2124 pertinet.
1367 2067 1518 2125 Itaque
1545 2071 1590 2111 in

143 2144 267 2184 initio
296 2146 523 2185 sententiae
561 2144 757 2186 relativae
797 2145 928 2201 (quod
961 2145 1160 2188 Donatus
1189 2161 1275 2188 non
1308 2146 1430 2200 citat)
1459 2162 1592 2203 nega-

143 2222 204 2262 tio
237 2221 430 2273 excidit,
478 2237 607 2277 quam
634 2237 720 2264 non
751 2222 927 2264 difficile
958 2232 1050 2265 erat
1078 2225 1335 2275 restituere,
1367 2226 1592 2282 cogitanti,

143 2312 270 2354 quam
303 2313 417 2355 saepe
450 2297 618 2340 librarii
651 2303 754 2354 qm‘u
786 2315 864 2355 pro
899 2300 1084 2342 relativo
1123 2310 1167 2342 et
1209 2304 1441 2358 negatione
1473 2306 1591 2360 posi-

87 2389 99 2399 ·
141 2384 231 2417 tum
260 2377 304 2417 in
334 2375 567 2419 relativum
593 2386 834 2420 mutassent
851 2380 906 2430 1).

168 2489 207 2532 ²)
235 2487 318 2522 Vid.
334 2488 497 2534 exempli
525 2499 638 2524 causa
664 2490 709 2523 de
732 2501 773 2523 re
801 2502 837 2535 p.
865 2489 894 2532 1,
920 2488 943 2522 2
970 2489 1055 2535 (ubi
1073 2489 1198 2526 Maius
1217 2493 1313 2536 quod
1327 2504 1397 2526 non
1411 2492 1590 2539 scripsit).

234 2549 354 2583 Plane
391 2548 492 2584 idem
529 2554 586 2585 est
621 2550 799 2585 mendum
847 2550 885 2584 iu
921 2550 1041 2585 Cicer.
1076 2557 1171 2586 orat.
1210 2565 1278 2597 pro
1312 2554 1406 2588 Scst.
1444 2555 1512 2596 14,
1545 2555 1591 2589 33

235 2609 302 2644 ubi
313 2609 528 2653 planissime
539 2611 784 2653 contrarium,
809 2616 922 2657 atque
948 2611 1031 2645 vult
1055 2614 1194 2655 orator,
1218 2614 1376 2649 dicitur:
1403 2615 1437 2648 si
1462 2616 1588 2658 appel-

199 2711 202 2714 Δ
235 2671 342 2704 laudi
364 2675 449 2704 sunt
473 2673 660 2713 consules,
698 2683 788 2717 quos
813 2683 915 2706 nemo
941 2677 1020 2712 eet,
1046 2674 1109 2718 qui
1131 2685 1201 2708 non
1225 2676 1330 2709 morlo
1357 2686 1399 2709 ex
1422 2675 1590 2718 historia,

239 2731 304 2766 sed
338 2732 447 2766 ctiam
481 2744 524 2768 ex
553 2735 670 2777 factis
698 2734 902 2769 evellendos
923 2738 1042 2778 putet.
1081 2737 1132 2770 Ut
1155 2736 1251 2771 nthl
1276 2737 1374 2771 inter
1394 2740 1530 2780 putare
1555 2741 1593 2772 et

240 2801 313 2825 non
333 2797 468 2836 putare
493 2794 663 2838 intersit,
697 2795 807 2831 fictus
843 2794 911 2830 ine
945 2795 1220 2840 particularum
1248 2808 1337 2832 usus
1373 2798 1591 2840 advocatur,

244 2861 316 2895 quo
340 2863 513 2890 concesso
547 2855 713 2893 efficitur
735 2856 921 2895 sententia
946 2861 1024 2894 tam
1048 2857 1232 2902 ridicula,
1271 2861 1314 2896 ut
1346 2858 1442 2895 nihil
1476 2871 1590 2905 supra
