1981 3390
1433 273 1531 321 227

154 389 244 432 Cic.
283 391 336 431 de
379 404 433 439 re>
467 387 587 445 publ.
628 387 697 439 II,
747 390 812 430 18.
888 387 1039 442 Polyb.
1079 388 1170 440 VI,
1222 392 1274 441 2,
1313 394 1353 432 9.
1419 391 1599 448 Dionys.

150 466 295 507 Halic.
341 465 433 517 111,
476 467 545 506 44.
610 465 761 521 steph.
792 463 972 520 Byzant.
1016 466 1130 520 ete.).
1204 466 1356 522 Itaque
1399 483 1450 509 ea
1492 483 1599 510 nun·

153 558 278 599 quam
311 543 521 584 defecisse
563 552 788 593 narratur-3
835 551 1074 584 ceterarum
1117 551 1285 585 veteres
1326 545 1479 586 incolae
1514 547 1599 586 fre—

153 628 333 675 quenter
358 619 606 661 libertatem
637 620 858 661 vindicare
880 623 1021 661 conati
1041 622 1278 673 traduntur,
1313 623 1469 678 quibus
1500 637 1597 663 nar-

149 696 390 738 rationibus
422 705 469 737 ut
502 695 778 753 singulatim,
813 700 1004 739 maxime
1037 699 1080 739 in
1111 700 1191 750 iis,
1235 714 1327 755 qua:
1360 701 1412 740 de
1439 699 1593 762 C-ame-

145 776 253 815 rinis
308 776 548 829 ceterisque
598 774 822 816 Romuleis
876 777 1124 827 traduntur,
1187 777 1307 819 nulla
1359 775 1468 819 fides
1522 780 1594 829 sir,

145 853 351 892 universa
380 866 449 892 res
475 854 580 892 satis
611 861 677 893 est
707 861 848 903 certa,
900 853 1146 908 factumque
1178 854 1292 894 idem
1321 863 1474 908 postea
1507 857 1591 895 iam

147 917 621 983 mutata'aliquanmm
670 929 808 968 forma
858 943 1016 969 rerum.
1097 928 1254 970 Coloni
1308 929 1594 971 eiiciebantur

146 1014 220 1046 aut
248 1003 618 1046 interficiebantur
640 1002 694 1058 ¹),
728 1012 775 1044 ut
802 1004 986 1046 multum
1015 1004 1238 1057 fallantur,
1274 1008 1346 1061 qui
1374 1006 1453 1047 hos
1474 1009 1592 1064 ipsos

168 1116 206 1158 ¹)
235 1115 424 1149 Camerini
450 1114 661 1150 deficientes
687 1113 762 1153 τοῖς
781 1117 848 1162 μὲν
869 1113 1078 1153 ἀπέκτειναν
1099 1112 1167 1152 τῶν
1185 1115 1344 1158 ἐποίκων,
1369 1116 1445 1155 τοῦς
1467 1116 1498 1153 δ’
1518 1118 1592 1160 ἑξέ-

237 1174 370 1221 βαλον,
410 1175 517 1211 Dion.
555 1177 613 1218 11,
638 1176 695 1210 51.
757 1177 889 1222 Itaque
922 1179 1108 1212 Romulus
1145 1177 1249 1211 victis
1284 1182 1417 1223 praeter
1442 1179 1591 1213 tertiam

237 1240 384 1280 partem
418 1236 500 1281 agri
528 1240 614 1270 ante
639 1237 853 1281 ademptam
887 1239 1045 1272 alteram
1081 1238 1231 1272 tertium
1270 1242 1416 1282 partem
1455 1240 1594 1275 ademit

236 1295 325 1338 (cfr.
349 1296 450 1331 Plut.
478 1298 586 1331 Rom.
613 1296 681 1338 24,
718 1298 803 1341 qui,
832 1310 946 1342 quum
972 1299 1048 1331 iam
1075 1298 1153 1331 dua:
1180 1302 1304 1342 partes
1331 1299 1416 1343 agri
1441 1300 1594 1334 colono-

235 1367 320 1389 rum
349 1361 491 1397 essent,
521 1351 591 1390 τυῖν
616 1353 1058 1402 ι’νπομενόντιυνΚαμεριίιιν
1077 1355 1276 1393 διπλασίους
1294 1358 1331 1392 ἐκ
1352 1355 1494 1403 ‘flami—s·
1507 1373 1591 1394 κατ-

234 1415 435 1460 ῳκισθῆιάι
470 1418 631 1460 narrat).
697 1417 869 1451 veientes
901 1418 1072 1461 (Dionys.
1110 1418 1234 1452 IIalic.
1271 1419 1328 1459 11,
1363 1418 1426 1462 5¹)
1454 1430 1476 1453 a
1512 1421 1589 1454 Ro-

232 1476 336 1509 mulo
363 1478 578 1519 postulant,
618 1482 658 1511 ut
693 1477 842 1510 Fidenis
880 1478 1089 1522 praesidium
1129 1476 1214 1522 (τήν
1244 1475 1420 1523 φρουράν)
1457 1480 1592 1515 educat

234 1545 443 1580 agrumque
469 1536 655 1580 prioribus
681 1536 839 1570 dominis
865 1538 1007 1572 reddat.
1060 1539 1158 1581 (cfr.
1177 1539 1300 1573 simile
1328 1539 1590 1574 Auruncorum

232 1595 464 1640 postulatum
501 1596 600 1640 apud
640 1595 748 1629 Dion.
790 1597 861 1637 VI,
896 1597 969 1637 32).
1034 1598 1182 1632 Fidenoe
1206 1599 1253 1632 ab
1282 1599 1448 1633 Etruscis
1474 1606 1590 1645 captae

234 1660 437 1689 narrantur
472 1653 738 1690 στασιασάντων
768 1654 854 1701 πρὸς
887 1653 1054 1700 ἀλλήλους
1083 1657 1152 1692 τῶν
1184 1657 1221 1692 ἓν
1245 1654 1333 1705 miv-‘51‘
1363 1659 1492 1702 (Dion.
1518 1662 1587 1703 ΙΙΙ,

257 1717 310 1758 7),
338 1727 380 1748 ex
407 1715 540 1760 quibus
566 1716 738 1750 nonnulli
762 1721 869 1751 erant
896 1717 1028 1753 ἔποικοι
1043 1723 1099 1753 καὶ
1113 1721 1261 1765 ‹maz-<ml
1285 1719 1377 1762 (ibd.
1406 1720 1451 1754 58
1477 1723 1588 1765 extr.)

233 1775 371 1809 Postea
398 1776 596 1820 aliquoties
622 1781 735 1821 captae
760 1783 975 1819 narrantur,
1005 1780 1112 1812 nulla
1139 1779 1285 1812 adiecta
1311 1780 1464 1814 coloniae
1484 1794 1587 1816 men-

231 1835 356 1878 tione3
396 1836 530 1870 deinde
555 1838 702 1871 colonia
730 1849 825 1872 nova
851 1839 1009 1872 deducta
1042 1839 1293 1882 traditur-(V,
1320 1840 1397 1882 43).
1453 1841 1589 1876 Iisdem

233 1895 384 1929 Fidenis
410 1902 538 1941 postea
565 1899 614 1939 (a.
641 1896 741 1942 428),
771 1911 884 1943 quum
912 1903 993 1943 post:
1018 1899 1279 1941 defectionem,
1309 1899 1345 1933 in
1373 1911 1445 1944 qua
1470 1902 1588 1944 legati

230 1955 395 1989 Romani
428 1956 616 1990 interfecti
644 1963 774 1999 erant,
812 1959 926 2002 paulo
952 1963 1038 1992 ante
1070 1960 1229 1992 subactae
1259 1963 1378 1992 essent
1401 1960 1498 2001 (Liv.
1523 1962 1586 2001 lv,

234 2015 313 2057 17),
340 2026 547 2059 parumque
560 2016 602 2049 iis
615 2017 841 2057 crederetur,
873 2018 1078 2050 colonorum
1090 2019 1237 2050 additus
1250 2029 1418 2050 numerus
1429 2030 1588 2062 agerque

234 2073 279 2106 iis
305 2074 396 2106 bello
424 2075 713 2117 interemptorum
739 2077 953 2120 assignatus
979 2077 1154 2119 (Liv.lv‚
1180 2076 1257 2117 30).
1313 2077 1415 2110 Idem
1441 2080 1587 2112 accide-

234 2133 300 2166 bat
338 2138 464 2177 postea
499 2133 533 2166 in
563 2134 706 2168 Latinis
742 2137 898 2170 coloniis
936 2137 971 2170 in
1008 2136 1171 2170 aliorum
1210 2136 1378 2180 oppidis,
1416 2144 1456 2172 ut
1491 2139 1587 2174 Sora

233 2193 286 2235 (a.
318 2192 406 2237 310)
446 2194 492 2226 ad
528 2194 713 2229 Samnites
749 2196 886 2230 defecit
920 2197 1124 2237 intersectis
1172 2197 1307 2230 colonis
1344 2197 1586 2232 Romanorum

233 2250 414 2298 (Lim-tna
441 2253 499 2294 23,
523 2255 610 2288 coll.
639 2255 745 2288 Diod.
774 2255 847 2290 Sic.
876 2257 973 2298 XIV,
1000 2256 1100 2299 102).
1151 2257 1250 2290 Hinc
1275 2257 1393 2301 igitur
1414 2258 1459 2290 de
1487 2263 1585 2292 cete-

231 2311 282 2345 ris
306 2311 491 2347 similibus
517 2315 788 2348 defectionibus
812 2315 1074 2357 iudicandum,
1115 2321 1171 2357 et,
1209 2315 1274 2349 ubi
1310 2317 1433 2351 coloni
1466 2317 1586 2351 uomi—

233 2377 384 2414 nantur,
409 2374 585 2419 pinguius
611 2375 811 2420 scriptores
836 2377 994 2417 locutos,
1021 2376 1242 2420 putandum,
1268 2377 1372 2410 velut
1397 2377 1504 2411 Dion.
1524 2379 1585 2420 VI,

231 2432 339 2467 5511·
369 2434 558 2477 oratione,
592 2436 652 2470 cui
688 2440 873 2481 repugnat
905 2436 986 2481 ipsa
1019 2436 1187 2470 narratio
1214 2436 1252 2470 in
1278 2437 1376 2471 libro
1400 2438 1585 2478 secundo3

233 2493 303 2526 etsi
326 2493 425 2527 idem
452 2495 603 2540 Dionys.
632 2496 706 2538 (X,
739 2495 785 2530 20
811 2501 848 2530 et
871 2495 935 2539 21)
962 2496 1135 2541 pluribus
1164 2497 1288 2531 verbis
1313 2508 1398 2531 cum
1426 2498 1585 2532 Antiati-

231 2553 300 2587 bus
326 2543 468 2588 Volscis
494 2556 646 2589 colonos
683 2557 873 2590 Romanos
906 2557 1086 2591 defecisse
1122 2563 1253 2592 narrat
1287 2562 1323 2592 et
1358 2562 1465 2602 capta
1493 2559 1585 2591 urbe

230 2613 378 2658 punitos
414 2625 506 2648 esse.
579 2616 656 2651 cfr.
690 2616 861 2650 Niebuhr
901 2618 938 2651 Π
969 2631 1004 2662 p.
1043 2617 1100 2652 52.
1171 2618 1325 2663 Excipio
1360 2618 1587 2658 Satricanos,

231 2673 294 2718 qui
318 2674 389 2707 soli
414 2674 587 2709 videntur
610 2676 790 2721 oppidum
817 2677 978 2711 tenuisse
1017 2683 1053 2712 et
1089 2683 1171 2723 post
1207 2680 1352 2713 cladem
1379 2677 1586 2711 Caudinam

229 2734 366 2768 timore
391 2734 578 2768 Samnites
602 2736 639 2769 in
666 2737 703 2770 id
735 2737 930 2783 recepisse.
980 2738 1110 2783 ltaque
1129 2740 1197 2785 ipsi
1219 2738 1440 2774 Samnitium
1460 2738 1586 2780 expel-

231 2795 431 2828 lendorum
468 2795 656 2830 adiutores
688 2798 782 2832 liunt
813 2797 911 2840 (Liv.
940 2798 1017 2840 IX,
1043 2800 1122 2842 16).
1170 2801 1273 2844 Ipsos
1299 2799 1448 2832 colonos
1474 2796 1585 2830 intel-

233 2853 322 2897 ligi,
352 2857 569 2894 ostendunt,
598 2868 675 2899 qua·
698 2858 813 2892 tradit
837 2858 964 2894 Livius
990 2861 1132 2894 xxvi.
1161 2858 1217 2892 33.

1258 2930 1322 2962 15·
