1981 3390
1436 212 1529 260 109

159 331 349 383 similia,
391 332 465 373 sed
504 329 591 371 alio
633 328 760 370 modo
803 337 871 379 et,
911 337 957 369 ut
1000 328 1192 378 videtur,
1235 337 1398 370 tantum
1426 330 1596 383 Latina,

161 411 301 451 varro
331 409 535 464 exposuit
565 405 688 447 libris
728 406 780 447 de
816 408 982 462 poetis,
1024 406 1076 447 de
1118 407 1300 447 scenicis
1340 407 1597 462 originibus,

161 488 213 528 de
242 484 482 528 actionibus
513 485 721 536 scenicis,
755 485 1038 539 quaestionum
1071 483 1380 524 Plautinarum.

260 560 578 617 ¹Pragmaticon
599 560 701 602 libri
718 562 848 611 Attii,
880 570 925 601 ut
944 562 1113 612 omnia,
1146 575 1238 616 quie
1257 563 1303 601 in
1329 561 1407 602 hoc
1436 575 1596 616 genere

158 641 354 694 scripsit,
390 639 771 695 comprehendam,
805 638 955 694 quales
987 640 1168 689 suerint,
1201 640 1406 679 constitui
1436 640 1599 693 nequit,

158 718 240 757 nisi
284 717 422 772 quod,
473 726 519 757 ut
562 719 647 758 iam
689 731 820 770 supra
863 717 980 766 dixi,
1035 725 1214 756 eatenus
1257 715 1597 756 simulitudinem

159 793 347 849 aliquam
390 796 634 848 argumenti
679 808 775 835 cum
819 793 1090 834 didascalicis
1134 792 1336 834 habuisse
1367 801 1509 848 patet,
1552 801 1600 833 ut

161 873 205 912 in
236 873 289 912 iis
316 872 368 912 de
396 885 524 912 scena
557 880 600 911 et
632 870 762 910 rebus
791 872 974 910 scenicis
1004 870 1210 922 scriptum
1247 878 1376 909 esset.
1447 869 1600 910 Versi-

159 948 238 989 bus
271 948 529 1002 compositos
556 947 718 996 fuisse,
758 947 879 986 cuius
918 946 1066 986 formae
1099 947 1142 985 in
1179 944 1310 985 simili
1341 953 1598 1000 argumento

156 1023 362 1078 exempla
402 1025 489 1064 iam
524 1022 735 1074 vidimus,
780 1022 968 1064 ostendit
1010 1023 1302 1078 fragmentum
1339 1023 1452 1077 apud
1483 1020 1597 1063 Non.

154 1116 195 1157 p.
223 1102 319 1151 15⁰,
350 1100 464 1157 quod
496 1099 664 1141 duobus
702 1100 902 1142 versibus
934 1102 1196 1143 tetrametris
1227 1099 1458 1142 trochaicis
1485 1108 1598 1142 cata-

153 1177 321 1220 lecticis
353 1186 543 1220 constat:

274 1255 330 1295 Et
356 1268 407 1296 eo
441 1254 685 1310 plectuntur
715 1263 868 1309 poetae,
897 1268 1023 1310 quam
1053 1268 1131 1295 suo
1164 1255 1295 1305 vitio,
1328 1256 1499 1309 saepiuS‚

274 1330 589 1373 Ductabilitate
617 1332 750 1372 nimia
784 1341 931 1372 vestra
964 1340 1037 1372 ant
1065 1331 1408 1386 perperitudine;

155 1411 273 1462 (nam
305 1422 381 1449 suo
412 1423 491 1463 pro
527 1423 614 1449 una
642 1407 812 1462 syllaba
852 1418 943 1460 est3
984 1411 1111 1449 tertia
1144 1410 1263 1449 vocis
1296 1406 1599 1448 ductabimate

150 1484 321 1540 syllaba
346 1486 433 1525 ictu
458 1483 743 1540 producitur).
806 1484 898 1525 Nec
931 1484 1114 1527 obscura
1142 1494 1242 1526 sunt
1268 1486 1361 1525 eius
1380 1485 1506 1525 metri
1526 1499 1598 1524 ve-

151 1564 283 1619 stigia
323 1563 368 1603 in
408 1561 547 1604 altero
591 1563 860 1618 fragmento,
918 1563 1030 1617 quod
1077 1563 1230 1603 eodem
1269 1562 1365 1602 loco
1420 1561 1600 1602 affertur

157 1639 278 1690 (libri
305 1654 509 1681 numerus
541 1655 619 1682 nec
645 1642 690 1680 in
720 1639 801 1680 hoc
829 1654 907 1681 nec
934 1641 976 1680 in
1007 1640 1151 1694 priore
1183 1641 1395 1687 notatur->z

245 1733 372 1756 rerum
393 1721 543 1762 ordine,
572 1724 612 1755 ut
637 1719 742 1755 novis
768 1719 1000 1766 argumentis
1026 1731 1118 1765 opus
1141 1731 1213 1754 non
1241 1724 1349 1760 esset,
1374 1719 1508 1752 saltem
1525 1728 1598 1752 non

240 1781 307 1823 iis,
342 1793 420 1826 qua:
457 1793 500 1815 ex
524 1781 639 1826 ipsius
667 1781 854 1815 Ciceronis
881 1780 1103 1815 testimoniis
1130 1780 1167 1814 in
1194 1781 1335 1813 Catone
1361 1779 1600 1820 ducerentur,

245 1842 293 1876 ad
318 1848 526 1876 extremum
552 1852 716 1886 quaerere
742 1832 924 1883 instituit,
954 1841 1108 1883 fabula,
1152 1852 1264 1885 quam
1290 1844 1413 1872 actam
1441 1837 1600 1871 Claudio

243 1907 279 1937 et
303 1902 523 1948 Sempronio
550 1914 642 1937 coss.
681 1901 756 1936 iam
792 1905 948 1943 constat,
988 1911 1133 1935 annone
1159 1901 1228 1934 511
1260 1911 1306 1932 an
1331 1898 1400 1932 513
1425 1903 1509 1931 acta
1536 1897 1599 1936 sit,

243 1972 361 2005 eoque
386 1962 605 2002 deducitur,
629 1966 690 2002 ut,
718 1963 894 2005 quoniam
920 1962 1062 1994 Ennius
1087 1965 1194 1993 natus
1220 1958 1335 1991 suerit
1359 1968 1392 1990 a.
1419 1956 1487 1989 514
1512 1956 1599 1988 Ma-

243 2021 349 2054 milio
389 2026 425 2054 et
455 2021 605 2054 Valerio
644 2031 758 2061 coss,
800 2021 829 2054 is
870 2026 996 2053 autem
1035 2024 1142 2052 natus
1181 2018 1351 2051 tradatur
1382 2026 1477 2048 anno
1517 2018 1600 2058 post

246 2080 406 2124 primam
429 2081 612 2121 fabulam,
630 2091 713 2114 eam
724 2091 756 2114 a.
769 2080 837 2114 513
850 2085 970 2114 actam
982 2081 1135 2118 statuat,
1148 2086 1419 2119 numerumque
1432 2074 1467 2107 in
1480 2075 1599 2108 Bruto

245 2139 435 2174 Ciceronis
461 2145 498 2173 et
527 2140 645 2173 alium
672 2141 708 2174 in
733 2141 873 2173 Catone
899 2144 1040 2180 mutet3
1080 2139 1207 2182 eique,
1244 2147 1322 2181 quoe
1357 2134 1450 2169 mihi
1487 2145 1599 2168 causa

246 2200 422 2234 mouendi
447 2199 542 2240 fuit,
571 2199 822 2233 assentiuntur
846 2200 976 2244 Lange
1002 2199 1108 2233 Vind.
1136 2199 1253 2243 Trag.
1273 2197 1382 2230 Rom.
1412 2207 1447 2239 p.
1475 2195 1496 2227 4
1521 2198 1596 2228 not.

243 2259 267 2293 5
295 2265 332 2294 et
368 2259 562 2294 Weichert
598 2259 643 2292 de
676 2259 798 2293 Laevio
829 2270 914 2304 pag.
941 2259 997 2292 48.
1062 2257 1258 2303 Ignoravit
1288 2256 1428 2301 igitur,
1465 2254 1528 2299 qui
1554 2256 1600 2288 dc

245 2318 492 2365 chronologia.
528 2319 723 2364 disputare
757 2319 899 2360 voluit,
937 2318 1033 2352 nihil
1069 2319 1164 2352 inter
1207 2318 1285 2351 haee
1325 2316 1526 2357 interesse3
1556 2326 1599 2349 ex

245 2380 482 2414 Varroniana
506 2379 673 2422 ratione,
713 2391 825 2425 quam
862 2379 1005 2415 Atticus
1037 2383 1074 2412 et
1099 2378 1228 2412 Cicero
1263 2377 1538 2422 sequebantur,
1565 2387 1598 2410 a.

247 2440 317 2476 514
353 2441 440 2475 illos
474 2441 644 2475 consulos
679 2439 817 2479 fuisse,
853 2451 897 2473 ex
924 2439 1012 2481 ina,
1048 2440 1092 2473 ad
1120 2450 1232 2484 quam
1256 2437 1462 2473 wetzelius
1488 2435 1599 2470 Ennii

249 2512 365 2536 annos
413 2506 449 2536 et
483 2501 576 2535 alios
612 2500 847 2541 numeravit,
893 2511 926 2534 a.
950 2500 1037 2542 513,
1079 2511 1266 2545 quumque
1306 2499 1351 2532 de
1385 2498 1599 2532 consulibus

249 2565 410 2603 constet,
448 2549 521 2596 non
566 2561 681 2606 quatri
723 2561 768 2596 de
807 2572 990 2595 annorum
1029 2561 1252 2595 discrimine.
1317 2558 1597 2598 Commentarii,

248 2634 409 2668 quorum
437 2622 648 2657 testimonio
674 2621 805 2656 Cicero
833 2622 965 2664 utitur,
989 2621 1063 2663 vix,
1095 2625 1137 2655 ut
1161 2622 1331 2655 Osannus
1362 2624 1478 2665 putat,
1508 2629 1599 2664 pon-

249 2682 358 2718 tiflcii
390 2683 564 2725 suerunt,
604 2695 694 2728 quos
720 2687 798 2717 tam
824 2682 1016 2717 indefinite
1043 2683 1104 2725 (ex
1131 2681 1290 2725 antiquis
1316 2680 1454 2722 comm.)
1481 2679 1596 2724 signi-

248 2743 363 2778 ficare
386 2755 459 2778 non
484 2745 599 2787 solet,
627 2745 689 2779 sed
715 2743 839 2789 potius
866 2743 1180 2790 magistratuum,
1205 2742 1268 2788 qui
1293 2742 1399 2776 ludos
1424 2739 1593 2773 edebant.

250 2803 303 2837 Ex
313 2803 526 2840 huiusmodi
537 2803 815 2841 commentariis
825 2805 953 2841 ductas
964 2803 1328 2851 opinorwdidascalias
1337 2800 1596 2837 Terentianas-
