1981 3390
1437 217 1531 267 123

263 337 312 380 C.
341 339 425 389 82,
464 337 534 377 90.
606 332 710 376 Non
753 345 928 374 necesse
973 337 1037 377 eet
1078 345 1221 375 omnes
1260 347 1600 392 commemorare,

157 415 351 467 Curtios,
379 415 576 463 Marios,
609 411 794 466 deraque
819 410 856 467 †
884 411 1148 461 Mammeos,
1181 425 1285 467 quos
1315 416 1400 454 iam
1435 421 1544 457 celas
1573 431 1602 458 a

147 495 315 549 proelt‘u's
346 490 585 541 avocabat,
622 496 836 554 postremo
867 491 1083 531 Priamum
1117 494 1253 545 ipsum
1286 489 1474 549 [senem]
1509 494 1603 535 An-

150 562 313 612 tistium
353 577 434 610 etc.
492 567 628 610 Nulla
668 577 1030 610 commemoratur
1067 569 1261 611 codicum
1305 571 1349 611 in
1387 571 1603 614 vocabulo

148 660 289 689 senem
320 647 636 704 discrepantia3
678 662 757 689 nec
790 656 933 689 tamen
965 647 1102 689 ullum
1137 648 1228 689 fere
1263 651 1455 704 apertius
1484 651 1605 692 addi-

147 734 401 768 tamentum.
465 725 610 776 Quum
644 729 890 783 superiores
921 739 1047 768 senes
1078 725 1370 782 significasset
1397 727 1487 769 illis
1508 743 1607 770 ver-

150 803 218 846 bis
257 818 365 860 quos
407 809 494 846 iam
538 811 647 846 (εἰπε
690 819 720 846 α
754 806 927 860 prauis
967 804 1203 856 avocabat,
1246 805 1512 858 Antistium,
1556 814 1605 847 ut

149 881 282 939 longe
316 885 442 924 annis
482 883 807 924 antecedentem
849 880 1143 937 significaret,
1192 897 1322 937 quum
1356 897 1460 924 usus
1490 892 1607 925 esset

147 974 279 1001 versu
312 961 367 1001 ad
397 959 614 1000 Troianas
644 973 715 1001 res
749 967 999 1016 spectante,
1041 959 1261 1001 Priamum
1291 962 1405 1002 inter
1438 969 1606 1003 ceteros

145 1050 274 1080 senes
323 1036 542 1079 Troianos
584 1037 702 1080 fecit.
773 1037 866 1080 Iam
910 1037 1040 1079 huius
1079 1040 1416 1095 comparationis
1458 1041 1525 1081 vis
1562 1048 1607 1081 et

144 1114 269 1172 lepos
326 1115 458 1172 plane
505 1118 743 1167 evertitur,
795 1131 926 1172 quum
969 1119 1148 1172 proprio
1202 1117 1417 1159 vocabulo
1463 1132 1606 1159 senex

146 1193 418 1250 appellatur3
460 1203 549 1237 tum
581 1194 664 1237 hoc
702 1197 845 1251 ipsum
887 1194 1150 1236 vocabulum
1190 1204 1320 1237 tenue
1354 1204 1419 1237 est
1451 1197 1495 1237 in
1529 1196 1608 1238 ho·-

149 1274 266 1314 mine
294 1286 473 1314 summae
507 1275 647 1314 aetatis
672 1287 698 1315 a
719 1276 875 1315 ceteris
899 1274 1232 1330 distinguendo,
1270 1288 1349 1315 nec
1374 1282 1491 1316 recte
1516 1289 1606 1316 vox

146 1363 286 1393 senex
332 1352 517 1394 Antistii
567 1353 733 1392 nomini
777 1354 1066 1409 praeponitur3
1114 1354 1153 1394 si
1199 1361 1344 1394 autem
1384 1353 1604 1394 Priamum

146 1433 285 1484 ipson»
326 1442 467 1470 senem
511 1431 840 1486 coniungimus‚
880 1445 975 1487 quae
1022 1431 1116 1472 haec
1158 1439 1225 1472 est
1266 1433 1378 1472 ratio
1420 1431 1606 1483 dicendi,

147 1508 271 1563 quasi
299 1520 387 1548 non
416 1507 717 1564 intelligatur,
766 1510 841 1565 qui
869 1509 1072 1550 Priamus
1102 1512 1197 1564 ipse
1226 1509 1421 1560 dicatur,
1466 1523 1608 1550 senem

147 1584 260 1627 diei?
323 1584 452 1635 Quod
486 1586 640 1628 eodem
668 1585 767 1628 loco
804 1585 938 1644 vulgo
972 1588 1116 1628 editur
1152 1587 1437 1639 Mamercos,
1458 1601 1611 1629 recen-

149 1664 317 1705 tissima
357 1672 424 1706 est
464 1666 715 1708 coniectura
759 1680 898 1722 eaque
940 1667 1153 1722 pessima3
1197 1680 1446 1722 praenomeu
1492 1669 1608 1709 enim

147 1742 193 1784 id
223 1750 304 1794 est,
336 1756 424 1784 non
454 1757 613 1786 nomen
635 1745 744 1797 (vid.
761 1744 986 1786 Drakenb.
1006 1745 1058 1785 ad
1077 1744 1177 1785 Liv.
1194 1745 1253 1796 V,
1277 1747 1317 1797 1,
1349 1746 1409 1799 2).
1470 1744 1607 1787 Codd.

149 1834 299 1863 omnes
329 1825 451 1872 (nam
482 1822 810 1865 Iannoctianam
846 1825 1191 1865 coniecturarum
1225 1822 1391 1864 levium
1424 1824 1611 1880 farragi-

148 1911 248 1941 nem
289 1899 401 1941 nihil
433 1905 600 1953 moror)
634 1910 709 1944 aut
738 1905 977 1946 Mammeos·
1009 1910 1085 1944 aut
1115 1902 1329 1944 stlameos.
1387 1902 1602 1953 Memmii,

150 1990 258 2031 quos
286 1977 474 2020 Ursinus
515 1978 832 2032 substituebat,
870 1980 1042 2022 nobiles
1076 1989 1222 2031 erant,
1270 1979 1323 2020 ab
1357 1979 1439 2021 hoc
1471 1995 1606 2037 grege

152 2053 301 2095 alieni.

274 2130 324 2172 C.
364 2132 446 2183 36,
498 2135 594 2174 102.
685 2134 782 2176 Hoc
829 2133 925 2176 loco
971 2134 1100 2190 plane
1154 2133 1273 2175 aliud
1324 2135 1504 2187 dicitur,
1558 2143 1606 2177 ut

150 2221 265 2250 nunc
318 2209 454 2251 verba
505 2220 632 2264 sunt,
677 2227 804 2267 quam
858 2213 970 2268 quod
1015 2213 1245 2254 consilium
1292 2215 1476 2254 oratoris
1524 2214 1610 2255 dici

148 2285 356 2342 postulat.
432 2287 689 2344 Indignatur
719 2292 834 2332 enim
864 2291 1050 2332 alterum
1082 2290 1137 2332 Τ.
1172 2291 1378 2333 Roscium
1410 2294 1605 2334 testimo-

150 2366 268 2406 nium
314 2366 359 2406 in
400 2365 509 2408 Sex.
550 2367 756 2410 Roscium
796 2369 941 2411 dicere
983 2370 1171 2422 audere,
1222 2370 1264 2411 id
1309 2378 1395 2422 est,
1444 2372 1488 2412 in
1528 2386 1607 2412 sua

152 2456 309 2494 causa,
339 2445 451 2499 quod
475 2446 530 2486 sit
558 2448 894 2502 iniquissimum.
959 2447 1333 2491 Scribiturautem
1354 2451 1435 2492 ita:
1472 2449 1611 2498 Quasi

151 2535 254 2563 vero
285 2522 336 2562 id
363 2536 479 2564 nunc
507 2531 682 2580 agatur,
718 2532 874 2578 utrum,
904 2530 942 2568 is
974 2528 1090 2582 quod
1120 2528 1303 2579 dixerit,
1335 2529 1607 2580 credendum,

153 2613 235 2651 an,
272 2600 595 2655 quodfecerz't‚
626 2605 935 2647 vindicandum
968 2611 1039 2647 sit.
1098 2606 1193 2648 Hac
1226 2607 1364 2648 forma
1397 2609 1606 2648 orationis

152 2679 226 2733 qui
266 2680 428 2733 utitur,
469 2690 601 2738 negat
643 2683 688 2724 id
730 2685 829 2740 agi,
872 2685 918 2726 in
965 2700 1074 2741 quo,
1115 2687 1152 2726 si
1188 2695 1415 2742 ageretur,
1460 2685 1603 2726 locum

154 2754 299 2812 aliqua
334 2772 406 2801 res
442 2763 761 2812 (testimonium
801 2761 855 2807 T.
887 2763 1056 2816 Roscii)
1098 2764 1298 2813 haberem
1343 2772 1386 2804 et
1428 2763 1509 2804 hoc
1545 2765 1607 2805 ita

155 2842 311 2890 negat,
339 2844 387 2878 ut
414 2839 605 2896 id‚‘quid
636 2850 766 2893 esset,
799 2850 927 2886 antea
955 2852 1332 2886 commemoratum
1363 2840 1606 2898 significet:
