1981 3390
417 189 482 238 62

353 325 420 360 eo,
453 309 565 365 quod
596 309 738 351 faeere
768 309 924 364 pudet,
954 323 1031 364 per
1062 307 1327 350 infinitivum
1357 306 1487 357 elato,
1520 321 1587 358 eo,
1619 317 1794 363 propter

351 387 464 443 quod
492 387 646 442 pudet,
677 402 755 442 per
786 388 1095 428 accusativum.
1166 385 1373 442 Xenoph.
1393 384 1531 426 Anah.
1558 385 1616 436 ll,
1647 387 1687 435 3,
1717 387 1796 427 22:

351 459 652 524 ᾖσχύνθη,ιιε·ν
682 463 753 506 καὶ
779 459 921 511 θἐοὐς
946 464 1018 506 καὶ
1049 458 1326 519 α’νθρώπους
1357 463 1606 520 προδοῦναι
1640 458 1796 506 αὐτόν.

471 542 667 583 Alterius
698 543 887 596 generiS,
917 541 1212 592 divulsorum,
1246 556 1338 597 quae
1367 541 1439 582 vel
1466 541 1560 582 sola
1591 542 1797 582 orationis

354 619 493 661 forma
546 619 752 673 coniungi
799 617 971 669 iubeat,
1019 619 1276 670 verborum,
1331 620 1453 660 cuius
1490 633 1548 660 ex
1587 618 1798 660 Iuvenale

355 696 563 751 exempla
605 709 735 750 supra
779 696 930 749 posui,
973 695 1057 735 duo
1102 710 1162 736 ex
1200 695 1298 735 aliis
1340 698 1480 750 poetis
1525 696 1799 752 subiungatu-

355 773 485 828 Apud
521 773 717 813 Persium
758 781 838 813 sat.
871 772 906 813 Ι.
940 787 1112 814 versum
1144 774 1200 813 92
1229 773 1291 813 sic
1319 773 1654 828 interpungunt:
1713 772 1804 815 Sed

354 854 542 891 numeris
572 850 701 890 decor
720 856 807 900 est,
842 856 887 891 el
912 854 1116 891 iunctura
1140 850 1295 891 addita
1329 850 1487 899 crudis,
1519 859 1561 891 et
1589 851 1801 905 interpre-

355 928 486 969 tando
529 928 773 968 distrahunt
789 943 810 978 3·
852 928 952 978 sed,
1000 937 1047 968 ut
1088 928 1199 969 nihil
1237 929 1375 969 dicam
1418 929 1470 968 de
1514 929 1660 968 crudis
1698 927 1802 978 illis,

358 1019 452 1060 quae
485 1019 562 1060 per
603 1019 650 1046 se
683 1006 768 1046 dici
801 1005 980 1056 volunt,
1020 1005 1204 1046 Latinus
1237 1006 1366 1047 homo
1400 1020 1538 1061 neque
1573 1006 1718 1047 crudis
1748 1005 1802 1047 ab

357 1086 560 1135 numeris,
593 1097 732 1138 neque
763 1089 830 1124 est
855 1082 909 1124 ab
939 1083 1093 1124 addila
1126 1085 1418 1134 seiunxisset,
1451 1098 1590 1139 neque
1626 1089 1689 1124 est
1717 1085 1805 1140 pri-

358 1175 474 1202 mum
505 1160 803 1202 intellexisset
838 1163 925 1213 ita,
977 1170 1024 1202 ut
1065 1170 1180 1202 esset
1212 1165 1382 1201 numeri
1408 1162 1602 1202 decorem
1631 1161 1803 1213 liabent,

358 1238 512 1279 deinde
542 1253 602 1278 ex
635 1254 686 1279 eo
711 1244 774 1279 est
799 1239 965 1294 copulae
983 1238 1079 1279 loco
1097 1239 1150 1279 ad
1167 1239 1320 1278 addila
1335 1240 1578 1292 repetisset.
1643 1238 1804 1294 (Multo

358 1317 500 1356 minus
529 1315 753 1370 probanda
783 1325 920 1368 erant,
953 1329 1048 1371 quae
1066 1314 1248 1356 Meister
1272 1323 1538 1356 commentus
1566 1324 1646 1367 est,
1676 1316 1805 1357 homo

357 1393 655 1436 iurisconsulti
693 1395 890 1435 acumine
921 1395 967 1434 in
996 1393 1128 1435 rebus
1159 1392 1466 1449 philologieis,
1512 1408 1689 1448 quarum
1724 1395 1804 1435 im-

358 1474 522 1528 peritus
556 1480 675 1522 erat,
719 1470 929 1521 abutens,
972 1470 1156 1512 multum
1198 1470 1275 1511 ille
1317 1486 1342 1511 a
1384 1469 1590 1512 Cramero
1638 1480 1680 1512 et
1712 1473 1806 1513 eius

359 1549 575 1590 similibus
617 1549 850 1602 diversus.)
915 1548 965 1590 In
1000 1548 1163 1590 Catulli
1203 1564 1333 1590 carm.
1365 1550 1421 1590 64
1453 1564 1496 1589 v.
1527 1551 1609 1589 103
1642 1550 1806 1592 editur:

359 1626 462 1668 Non
491 1631 685 1681 ingrata,
716 1633 858 1667 tamen
877 1626 1073 1679 fmslra,
1105 1628 1357 1668 mmm-scala
1388 1627 1501 1667 divis
1529 1628 1804 1680 Promittens,

360 1714 407 1746 ut
436 1707 492 1745 sit
524 1719 704 1756 sensus,
736 1719 928 1758 munera,
944 1719 1029 1746 non
1059 1705 1229 1761 ingrata
1260 1705 1432 1760 quidem
1462 1704 1698 1758 obtulisse,
1728 1706 1803 1747 sed
1858 1717 1862 1722 ’

360 1792 503 1823 {anien
534 1783 710 1823 frustra.
767 1781 860 1824 Nec
890 1791 1032 1824 tamen
1061 1785 1302 1838 quisquam,
1333 1797 1462 1837 quum
1492 1781 1674 1837 legisset
1702 1782 1806 1825 Nou

358 1864 570 1913 ingrata,
600 1859 652 1900 ab
692 1860 759 1900 his
792 1861 1084 1902 disiuncturus
1122 1869 1214 1902 erat
1243 1866 1411 1912 tamen,
1449 1868 1497 1901 ut
1523 1859 1806 1916 subsequenti

360 1936 574 1979 vocabulo
606 1936 868 1988 adhaereret,
913 1939 989 1979 sed
1029 1953 1116 1980 uno
1147 1948 1296 1979 tenore
1328 1939 1675 1979 continuaturus:
1702 1938 1807 1980 Non,

361 2020 540 2070 ingrata
570 2020 712 2055 lamen
727 2014 925 2064 frustra.
983 2015 1039 2057 Et
1068 2015 1260 2071 postulat
1290 2015 1404 2056 idem
1435 2016 1674 2065 sententia3
1699 2014 1808 2058 alio-

362 2095 462 2149 quin
497 2094 611 2133 enim
642 2091 711 2133 hic
746 2106 899 2133 versus
932 2108 1027 2134 cuin
1061 2094 1358 2148 superioribus
1392 2095 1567 2134 omnino
1599 2108 1683 2134 non
1708 2109 1808 2136 con-

361 2172 569 2225 iungitur.
648 2168 741 2210 Nec
791 2185 895 2211 sane
946 2171 1106 2212 frustra
1137 2177 1336 2212 'munera
1388 2169 1568 2219 obtulit3
1619 2171 1808 2213 vovebat

362 2249 475 2289 enim
519 2261 596 2302 pro
638 2247 819 2288 victoria
853 2246 1041 2298 Thesei,
1088 2255 1130 2288 et
1164 2249 1294 2298 vicit3
1338 2247 1448 2289 nihil
1491 2249 1544 2290 ad
1575 2248 1685 2290 hanc
1712 2263 1805 2290 rem

361 2327 547 2382 pertinet
590 2325 785 2366 insecuta
825 2324 1040 2365 Ariadnes
1082 2324 1320 2367 calamitas.
1409 2324 1501 2367 'Nec
1543 2336 1667 2382 grata
1705 2335 1807 2368 sunt

362 2404 444 2444 diis
475 2417 675 2453 munera,
722 2416 815 2458 quae
853 2410 1062 2458 respuunt
1096 2417 1175 2444 nec
1205 2402 1514 2459 obsequuntur.
1576 2403 1807 2460 Copiosius

361 2483 522 2536 igitur,
572 2487 619 2520 ut:
649 2478 785 2531 solet,
830 2478 1026 2521 Catullus
1070 2481 1251 2522 eandem
1293 2496 1383 2522 rem
1425 2490 1468 2522 et
1505 2483 1720 2523 adiectivo
1765 2491 1808 2522 et

365 2557 572 2600 adverbio
600 2559 841 2613 expressit:
885 2557 981 2600 Non
1009 2559 1179 2614 ingrata
1199 2568 1342 2601 tamen
1360 2559 1615 2601 munuscula
1632 2560 1809 2600 fuerunt

364 2646 406 2677 et
448 2637 606 2677 frustra
650 2634 810 2677 oblata.

482 2713 580 2755 Non
623 2713 893 2770 singulorum
934 2715 1118 2771 denique
1152 2714 1408 2767 verborum,
1438 2714 1511 2755 sed
1547 2714 1679 2754 totius
1712 2726 1808 2754 sen·

364 2794 507 2834 tentia·
562 2791 673 2834 male
716 2793 936 2834 disiuncta:
984 2793 1233 2850 exemplum
1287 2801 1352 2835 est
1394 2793 1507 2849 apud
1554 2791 1805 2833 Iuvenalem
1836 2808 1854 2825 ι
