1981 3390
1465 209 1531 258 25

141 336 214 390 (ab
247 349 285 377 a.
324 334 433 376 14³2
461 330 515 373 ad
548 331 693 382 1502.)
751 330 896 386 Atque
927 331 973 371 in
1005 328 1258 386 hoc'ipsum
1291 338 1461 386 tempus
1492 333 1598 373 inci-

142 414 205 455 dit
235 412 387 454 horum
418 410 761 465 fragmentorum
788 407 1006 450 confictio.
1064 407 1177 450 Nam
1208 417 1250 449 et
1279 408 1475 450 doctrina
1506 409 1596 450 fere

141 493 280 533 maior
309 503 436 545 quam
464 502 541 544 pro
571 489 706 542 priori
734 495 858 543 parte
887 486 1035 528 saeculi
1059 488 1199 543 quinti
1228 487 1385 528 decimi
1412 495 1456 528 et
1487 485 1599 528 Tor-

143 567 255 610 tellii
282 566 407 617 libri,
449 575 498 606 ut
529 565 722 616 videtur,
755 579 885 617 usus,
915 573 963 606 ut
988 574 1088 620 post
1119 565 1248 606 huius
1279 574 1449 622 tempus
1484 564 1598 606 hunc

143 645 363 687 homiuem
396 646 562 686 vixisse
593 652 820 700 putemus,
848 644 975 692 facit;
1007 646 1171 698 primus
1201 653 1346 686 autem
1382 644 1450 685 his
1481 644 1598 700 frag-

144 725 301 765 mentis
343 737 446 764 usus
488 732 553 764 est
584 722 762 764 Caelius
795 722 1095 777 Rhodiginus,
1147 724 1270 764 cuius
1310 724 1497 778 antiquae
1536 721 1601 763 le-

145 804 311 844 ctiones
341 816 381 842 a.
404 803 514 842 1516
543 803 727 857 primum
758 801 884 841 editae
917 809 1031 840 sunt.
1073 801 1145 840 Ex
1176 815 1260 855 quo
1295 801 1460 841 fraudis
1487 814 1604 841 com-

145 881 288 921 missae
315 889 484 934 tempus
513 879 802 933 cognoscitur.
862 876 977 917 Illud
1004 885 1235 932 antequam
1265 878 1604 933 disputationem

144 955 350 998 finiamus
380 970 465 996 non
492 955 777 996 omittendum
805 962 896 1004 est,
926 962 968 994 et
990 953 1153 996 Lilium
1176 954 1440 1009 Gyraldum,
1472 970 1602 1011 quum

144 1033 198 1074 de
240 1032 308 1073 his
339 1033 596 1087 fragmentis
626 1031 791 1088 aliquid
832 1034 1100 1087 accepisset,
1161 1033 1409 1075 dubitanter
1450 1034 1504 1075 de
1549 1035 1604 1075 iis

144 1110 338 1152 locutum
372 1124 468 1152 esse
485 1112 552 1162 1),
594 1118 638 1151 et
669 1111 783 1168 apud
809 1109 978 1152 Maium
1013 1117 1160 1158 nescio
1200 1113 1303 1173 quid
1342 1114 1604 1167 suspicionis

145 1188 289 1231 simile
319 1198 461 1230 ortum
494 1203 590 1230 esse
603 1190 663 1241 2).

267 1266 397 1317 Quod
433 1268 473 1307 si
505 1266 812 1322 quisffirevius
844 1266 956 1308 hanc
996 1281 1022 1307 a
1064 1265 1191 1308 nobis
1233 1281 1409 1310 causam
1452 1269 1608 1324 peragi

145 1346 341 1401 potuisse
372 1345 626 1395 crediderit,
669 1346 941 1396 meminerit,
987 1344 1235 1387 huiusmodi
1262 1361 1431 1388 errores
1466 1347 1610 1387 fundi-

147 1431 218 1464 tus
247 1436 344 1464 esse
374 1422 618 1472 tollendos,
664 1428 718 1464 ne
765 1424 819 1464 ad
845 1422 969 1464 illam
1001 1422 1226 1465 hominum
1269 1424 1380 1465 nihil
1421 1423 1605 1465 firmiter

148 1503 389 1542 tenentium
436 1514 595 1556 vagam
640 1502 893 1557 opinionem
948 1500 1227 1554 delabamur,
1282 1516 1379 1543 esse
1432 1503 1606 1558 quidem

149 1579 288 1622 multa
315 1581 361 1620 in
386 1578 534 1635 aliqua
556 1594 603 1621 re
629 1588 673 1621 et
691 1589 895 1636 suspecta
915 1588 959 1621 et
977 1580 1105 1632 falsa,
1136 1581 1213 1621 sed
1232 1589 1377 1622 tamen
1402 1595 1489 1622 non
1511 1595 1607 1622 esse

152 1660 247 1701 veri
276 1657 517 1710 dissimile,
550 1658 647 1700 fieri
679 1673 834 1716 posse,
867 1667 915 1700 ut
947 1658 1086 1700 multa
1116 1660 1294 1714 antiqua
1329 1667 1372 1700 et
1403 1674 1510 1703 vera
1542 1658 1606 1701 la-

150 1746 293 1787 teant3
327 1737 482 1778 deinde
515 1739 704 1794 cogitet,
734 1740 773 1779 si
799 1738 901 1794 quid
934 1739 1143 1793 temporis
1174 1737 1266 1778 haec
1297 1737 1428 1779 lectio
1458 1737 1604 1779 abstu-

149 1815 275 1868 lerit,
315 1815 453 1857 multo
482 1815 580 1872 plus
610 1817 877 1872 perdendum
909 1817 1045 1858 fuisse
1077 1818 1123 1857 in
1156 1818 1211 1857 iis
1240 1816 1606 1872 disputationibus

150 1894 376 1952 legendiS,
411 1909 504 1951 quae
536 1896 590 1937 ad
615 1895 694 1937 has
722 1909 863 1953 nugas
888 1895 1175 1952 explicandas
1208 1903 1251 1936 et
1283 1909 1379 1936 cum
1404 1897 1484 1946 iis,
1511 1908 1605 1950 quae

153 1988 258 2015 vere
298 1973 453 2014 iisdem
497 1973 550 2014 de
596 1973 728 2014 rebus
778 1975 938 2016 tradita
987 1983 1123 2026 sunt,
1180 1972 1474 2015 conciliandas
1525 1970 1605 2013 ali-

153 2050 325 2107 quando
356 2051 692 2105 susciperentur.

580 2237 1137 2255 ff-·—·—---——-—-,-

186 2577 224 2618 ¹)
250 2573 369 2608 Locus
402 2573 611 2619 descriptus
650 2580 702 2609 cst
737 2578 836 2621 apud
860 2576 996 2611 Osann.
1039 2577 1077 2611 in
1119 2580 1192 2611 not.
1231 2576 1277 2609 ad
1313 2575 1404 2610 Maii
1432 2574 1531 2617 proes.
1569 2583 1601 2616 p.

247 2636 380 2670 xxlv.

185 2719 225 2765 ἲ)
250 2719 289 2754 in
317 2722 407 2754 nota
431 2719 566 2756 ultima
590 2733 625 2767 p.
642 2719 708 2756 81:
738 2721 806 2755 ”de
826 2732 985 2767 quorum
1012 2725 1136 2757 tamen
1166 2715 1504 2765 (fragmentorum)
1531 2714 1603 2749 uin-

250 2779 406 2815 cet-itate
427 2780 568 2817 idcirco
593 2782 653 2819 vix
672 2782 816 2821 dubito,
843 2783 929 2830 quia
955 2783 1105 2819 Coelius
1130 2782 1250 2819 Statio
1278 2778 1464 2824 antiquior
1490 2776 1535 2811 ud
1563 2786 1605 2809 ea

251 2840 357 2876 notice
384 2843 599 2887 provocat.''
