1981 3390
1474 275 1573 326 337

195 400 316 440 vocis
348 401 459 440 enim
490 396 690 438 omittunt
711 394 765 445 ¹).
830 374 1137 448 Fragtuentum
1166 391 1352 448 denique
1369 391 1642 438 Corneliana!

195 476 403 516 orationis
441 473 554 528 apud
584 471 848 520 moenium,
891 471 936 510 in
978 484 1062 525 quo
1105 469 1247 511 editur
1276 483 1389 511 nunc
1424 469 1642 512 diuturna:

196 552 490 606 captivitatum
538 547 823 602 turpitudinis
872 552 919 587 et
956 550 1201 597 servitutis,
1244 548 1384 602 primo
1427 546 1641 588 vocabulo

194 641 272 668 nec
304 625 587 667 Ciceroniano
630 638 710 665 nec
749 632 873 678 apto,
915 625 1038 679 quasi
1080 637 1229 665 omnes
1271 633 1425 680 gentes
1459 626 1640 680 captivae

189 703 436 756 praedonum
468 702 657 752 fuerint,
697 703 742 741 in
779 701 881 744 edit.
917 710 1062 742 autem
1094 703 1233 756 prima
1272 710 1338 742 est
1371 701 1640 756 cupiditatis,

189 780 474 833 turpitudinis
502 787 606 828 etc.‚
636 779 758 829 satis,
785 779 953 833 opinor,
985 779 1214 820 manifesto
1240 778 1547 832 interpolatum
1574 787 1641 819 est

188 856 285 907 (cfr.
318 855 517 910 Append.
553 854 713 896 Ascon.
746 869 787 910 p.
825 857 885 906 7).
965 855 1034 896 Ex
1076 855 1174 895 aliis
1215 857 1386 910 scriptis
1429 857 1641 896 succurrit

188 945 301 972 nunc
327 931 448 972 locus
474 930 659 984 Philipp.
681 930 768 972 VII
803 945 839 971 c.
859 933 901 980 ’7,
935 932 1004 980 20,
1027 939 1386 971 commemoratus
1420 946 1446 971 a
1473 931 1639 971 Kraru·

187 1009 261 1062 pio
294 1007 498 1058 (observ.
531 1010 623 1048 crit.
667 1008 712 1047 in
756 1005 846 1047 Cic.
886 1005 963 1047 lib.
1006 1007 1058 1047 de
1103 1021 1150 1047 re
1190 1006 1312 1062 publ.
1350 1006 1494 1048 Haun.
1528 1009 1639 1048 1827

189 1097 232 1139 p‘.
260 1086 321 1134 6),
356 1097 486 1138 quum
520 1091 669 1123 contra
705 1081 872 1123 Maium
904 1086 1160 1138 scripturam
1194 1097 1345 1123 manus
1377 1085 1535 1138 prioris
1568 1097 1639 1124 co·

188 1160 295 1200 dicis
335 1159 437 1201 Vat.
475 1161 519 1199 in
565 1158 641 1200 lib.
676 1158 696 1200 I
729 1160 781 1200 de
812 1174 903 1214 rep.
933 1175 968 1201 c.
998 1162 1026 1201 ’7
1062 1159 1115 1200 ab
1153 1159 1398 1201 huiusmodi
1439 1159 1638 1200 secundae

187 1249 341 1277 manus
383 1235 630 1290 corruptela
667 1244 882 1283 tueretur-3
925 1235 1018 1277 illic
1050 1251 1073 1276 e
1107 1236 1251 1277 Vatic.
1291 1238 1539 1277 restitutum
1572 1243 1640 1276 est

187 1311 390 1362 monebo,
416 1313 670 1366 praedicam,
701 1312 987 1362 denuntiabo,
1024 1312 1228 1362 testabor,
1260 1327 1391 1367 quum
1425 1321 1563 1354 esset:
1595 1317 1639 1353 et

190 1388 393 1429 testabor.
456 1389 599 1429 Etiam
628 1391 672 1429 in
703 1398 811 1430 orat.
845 1403 924 1443 pro
954 1388 1051 1430 Mil.
1079 1391 1149 1440 27,
1178 1391 1234 1429 74
1264 1390 1377 1444 quod
1406 1397 1516 1430 erat:
1548 1402 1637 1429 ma-

190 1470 356 1516 teriem,
390 1466 564 1516 calcem,
594 1471 794 1506 coementa
820 1471 949 1520 atque
978 1480 1114 1517 arnul,
1150 1467 1408 1520 optimorum
1439 1468 1636 1507 codicum

189 1544 434 1583 auctoritati
465 1544 608 1584 cessit.
675 1542 825 1597 Itaque
856 1550 990 1582 restat
1024 1550 1066 1582 et
1095 1551 1309 1597 repugnat
1343 1557 1480 1593 unus,
1507 1557 1635 1597 quem

187 1632 300 1659 nunc
338 1620 546 1659 memoria
586 1628 784 1668 teneam,
828 1618 948 1658 locus
992 1620 1044 1658 de
1076 1617 1201 1659 Offic.
1234 1618 1322 1669 111,
1354 1621 1436 1669 2⁰,
1472 1621 1552 1669 Sl,
1594 1627 1637 1659 et

187 1697 281 1750 ipse
323 1709 348 1735 a
376 1694 593 1750 Krarupio
639 1697 884 1745 excitatus,
936 1694 1011 1735 ubi
1055 1703 1120 1735 est
1166 1699 1353 1749 species,
1392 1694 1550 1744 forma
1595 1700 1640 1736 et

189 1775 307 1812 notio
352 1775 441 1811 viri
471 1770 595 1818 boni,·
650 1785 748 1813 nam
794 1772 907 1826 quod
947 1771 1117 1812 Orellio
1158 1771 1372 1812 vocabula
1399 1771 1557 1820 forma
1596 1777 1640 1811 et

189 1852 307 1888 notio
338 1863 414 1900 pro
445 1861 531 1888 uno
565 1847 757 1888 membro
799 1847 927 1888 alteri
960 1850 1175 1888 adiuncta*
1194 1849 1416 1888 commode
1446 1848 1638 1903 intelligi

190 1938 318 1980 posse
348 1924 574 1973 videntur,
619 1926 903 1978 praeterquam
938 1925 1051 1978 quod
1091 1924 1180 1965 haec
1215 1926 1309 1978 ipsa
1345 1939 1421 1979 per
1455 1925 1637 1978 asynde-

192 2009 265 2041 ton
291 2000 517 2055 inaequalis
534 2002 789 2053 compositio
820 2001 1025 2041 inusitata
1057 2009 1136 2050 est,
1165 2014 1243 2040 nec
1259 1999 1414 2049 forma
1445 2009 1487 2040 et
1519 2003 1637 2040 nolio

192 2078 354 2131 magis,
406 2089 532 2130 quam
580 2080 744 2129 species
795 2085 838 2116 et
867 2076 1022 2125 forma
1067 2079 1296 2118 coniuncta
1336 2085 1459 2127 sunt,
1503 2078 1635 2117 immo

191 2155 361 2202 minus,
408 2166 485 2192 nee
515 2153 746 2207 quidquam
776 2155 889 2193 inest
920 2162 1075 2208 praeter
1108 2156 1235 2194 unius
1267 2155 1355 2203 rei,
1391 2168 1519 2208 quam
1550 2167 1635 2193 uno

191 2239 232 2270 et
262 2231 435 2284 proprio
469 2229 681 2270 vocabulo
713 2231 1077 2285 comprehendere
1110 2245 1194 2271 nou
1221 2239 1413 2286 poterat,
1456 2232 1637 2271 circum-

191 2305 466 2346 locutionem.
555 2306 755 2347 Alterum
808 2321 866 2348 ex
913 2307 1129 2361 prioribus
1181 2306 1430 2356 vocabulis,
1481 2306 1637 2360 quibus

191 2381 343 2423 Cicero
376 2397 451 2432 ea,
486 2396 578 2436 quae
612 2382 682 2422 hic
716 2391 805 2433 est,
851 2383 1171 2438 significatione
1212 2371 1637 2438 promiscue‘utitun

190 2458 426 2500 tollendum
460 2467 525 2499 est
543 2460 599 2510 ²).
668 2458 835 2500 Laudat
875 2468 1018 2501 tamen
1060 2459 1288 2515 Zumptius
1317 2461 1362 2500 in
1398 2459 1636 2514 appendice

221 2620 259 2662 π)
288 2620 328 2652 In
356 2618 519 2653 eiusdem
541 2619 664 2653 libelli
694 2619 758 2661 13,
783 2621 828 2654 41
854 2619 1073 2665 (vinolentia
1101 2625 1135 2655 et
1164 2621 1346 2655 cruditate
1373 2625 1406 2653 ct
1433 2620 1635 2661 insomniis)

280 2678 440 2722 perspici
477 2690 519 2711 cx
553 2680 674 2714 minus
709 2680 816 2715 bonis
849 2681 954 2714 codd.
984 2686 1105 2725 potest
1129 2681 1374 2716 librariorum
1401 2681 1448 2714 ad
1474 2680 1638 2724 priorem

275 2737 499 2781 particulam
525 2739 768 2774 omittendam
795 2740 1023 2784 proclivitas.

215 2798 254 2840 2)
282 2797 439 2830 Victorii
468 2799 503 2829 in
529 2808 570 2831 ea
595 2801 735 2842 specie,
775 2800 845 2834 nisi
870 2801 1045 2833 mendum
1074 2799 1396 2846 typographicam
1429 2800 1502 2838 est,
1531 2806 1636 2841 pror·

277 2865 339 2890 eus
366 2866 433 2890 neo
457 2856 631 2892 Latinum
656 2865 710 2896 est
735 2871 802 2895 nce
827 2870 977 2895 sensum
1003 2860 1129 2894 habet.

1328 2928 1374 2949 oo
