1981 3390
417 221 518 268 222

350 350 523 396 propter
567 340 739 379 insitam
779 341 1015 393 antiquitus
1056 339 1211 379 animis
1242 337 1534 379 Romanorum
1576 339 1792 379 notionem

351 419 417 459 rei
447 416 632 472 publicae
662 429 748 455 non
779 414 1257 466 animadvertebantur,
1297 423 1343 454 ut
1383 414 1536 454 Cicero
1577 416 1641 465 (in
1669 414 1794 455 libris

353 494 406 535 de
445 509 492 534 re
531 492 650 548 publ.
687 500 729 532 et.
770 492 821 531 de
865 491 1000 545 legg.)
1044 491 1207 545 aliquid
1241 505 1287 531 se
1333 500 1526 532 acturum
1569 499 1611 531 et
1641 490 1794 531 salutis

352 571 623 611 inveniendae
655 571 767 609 viam
804 575 1139 608 monstraturum
1173 568 1390 617 crederet,
1435 569 1471 608 si
1504 568 1604 608 huic
1633 567 1793 623 populo

355 662 449 688 eam
480 647 660 686 formam
705 644 976 699 publicorum
1014 645 1334 694 institutorum,
1375 659 1467 698 quae
1500 653 1598 685 ante
1629 646 1796 699 Scipio-

353 737 452 765 nem
492 730 535 762 et
566 721 751 762 Laelium
791 721 968 770 fuisset,
1012 722 1310 774 proposuisset
1353 729 1396 759 et
1440 721 1794 770 commendasset.

354 801 446 842 Nec
475 814 643 852 semper
673 806 788 838 recte
819 799 924 838 satis
953 797 1005 837 de
1038 796 1105 837 his
1135 796 1400 851 temporibus
1430 811 1455 836 a
1483 797 1797 838 recentioribus

355 878 583 919 iudicatur.

475 954 560 996 Sed
595 951 649 993 ab
682 951 775 1001 his,
821 965 913 1006 quae
945 953 1028 992 etsi
1070 965 1148 991 nec
1190 965 1304 991 nova
1345 959 1444 990 sunt
1484 964 1563 991 nec
1605 948 1800 990 difficilia

357 1031 581 1080 videntur,
625 1038 794 1079 tamen,
837 1030 937 1083 quia
975 1029 1074 1069 hinc
1117 1029 1332 1069 enascitur
1371 1029 1510 1067 omnis
1549 1027 1800 1067 intellectus

358 1114 530 1157 eorum,
572 1121 664 1161 quae
702 1106 959 1160 disputanda
990 1114 1143 1156 erunt,
1176 1103 1575 1157 comprehendenda
1607 1102 1824 1150 breviter,

357 1185 529 1238 putavi,
573 1183 833 1223 veniendum
864 1191 930 1222 est
962 1183 1013 1222 ad
1049 1183 1184 1235 ipsius
1227 1183 1291 1221 rei
1334 1182 1564 1235 propositae
1600 1182 1800 1234 quaestio-

357 1275 478 1310 nem,
510 1274 638 1313 quum
670 1260 841 1307 dixero,
873 1267 1157 1312 praeterquam
1191 1257 1303 1311 quod
1332 1259 1376 1296 in
1410 1256 1574 1311 aliquot
1605 1256 1802 1309 partibus

357 1336 548 1377 historiae
585 1335 736 1390 populi
779 1343 822 1375 et
862 1336 1032 1390 imperii
1076 1336 1308 1375 crescentis
1350 1335 1638 1374 monumentis
1673 1332 1801 1388 plane

357 1414 654 1461 destituimur,
688 1426 772 1452 non
803 1426 898 1452 esse
930 1412 1103 1452 omnino
1135 1413 1196 1451 ita
1230 1426 1254 1451 a
1286 1410 1566 1465 scriptoribus
1599 1412 1802 1465 antiquis,

359 1504 537 1544 quorum
571 1488 672 1528 libri
703 1497 958 1543 supersunt,
989 1489 1188 1528 traditam
1226 1487 1474 1537 historiam,
1523 1495 1568 1527 ut
1613 1486 1665 1527 de
1706 1488 1798 1526 iure

356 1565 530 1620 publico
548 1574 587 1605 et
601 1566 652 1605 de
667 1568 787 1606 varia
803 1565 1024 1607 hominum
1039 1565 1288 1604 condicione
1302 1563 1529 1603 admodum
1544 1572 1798 1617 quaererent.

357 1641 485 1691 Nam,
510 1650 556 1681 ut
573 1656 656 1682 non
677 1656 1007 1682 commemorem
1034 1642 1184 1680 insitas
1197 1642 1423 1695 opiniones
1437 1641 1488 1679 de
1504 1649 1710 1694 perpetua
1725 1654 1800 1694 po-

357 1718 449 1773 puli
462 1719 645 1759 Romani
667 1707 974 1768 dominatione,
1005 1727 1093 1758 tum
1111 1719 1388 1770 scripserunt,
1422 1731 1552 1772 quum
1571 1718 1798 1757 interiecto

358 1803 454 1847 post
475 1795 635 1835 bellum
660 1795 820 1836 sociale
842 1795 974 1851 longo
995 1796 1200 1849 temporis
1213 1796 1351 1846 spatio
1367 1795 1526 1834 veteris
1543 1794 1605 1833 rei
1619 1792 1802 1847 publicae

358 1873 506 1912 formae
534 1874 793 1913 etmemoria
808 1871 1034 1912 obscurata
1058 1881 1099 1912 et
1114 1873 1452 1912 curaimminuta
1470 1878 1575 1910 erat.
1634 1869 1799 1911 Velleii

361 1950 531 2004 quidem
555 1949 771 1989 Paterculi
806 1949 1075 2003 negligentia
1105 1946 1226 1988 nullo
1250 1948 1340 1987 fere
1372 1947 1468 1987 loco
1503 1948 1642 2000 magis
1670 1961 1800 2001 appa-

359 2034 450 2076 ret,
492 2040 618 2080 quam
663 2013 708 2065 in
741 2027 821 2076 iis,
865 2039 958 2080 quae
988 2026 1040 2065 de
1072 2026 1247 2065 civitate
1278 2023 1450 2079 populis
1480 2024 1579 2064 data
1612 2032 1655 2064 et
1687 2023 1803 2065 colo-

362 2104 445 2143 niis
473 2103 665 2143 deductis
699 2104 870 2155 scripsit
914 2110 959 2142 et
998 2115 1148 2156 parum
1179 2100 1307 2155 plene
1342 2109 1384 2140 et
1413 2099 1663 2155 perturbata
1695 2108 1801 2141 tem-

363 2194 512 2232 porum
546 2181 713 2220 ratione
759 2189 800 2219 et
832 2180 1022 2219 confusis
1054 2192 1196 2218 rerum
1231 2177 1491 2232 generibus3
1532 2191 1631 2217 nam
1664 2191 1717 2216 ne
1750 2177 1803 2216 ad

363 2256 520 2294 civium
557 2256 727 2310 quidem
772 2264 814 2294 et
862 2256 1117 2296 Latinarum
1162 2253 1430 2294 coloniarum
1472 2254 1700 2294 discrimen
1742 2260 1803 2291 at-

363 2331 498 2371 tendit
522 2334 574 2380 ยน).

454 2507 563 2541 valde
598 2505 743 2540 exiliter
780 2508 816 2539 et
849 2505 1001 2538 confuse
1035 2505 1081 2538 ab
1115 2503 1159 2537 iis
1197 2503 1463 2548 scriptoribus,
1498 2503 1560 2547 qui
1594 2508 1803 2548 supersunt,

455 2567 605 2601 tradita.
671 2567 779 2610 Quod
817 2566 862 2598 de
890 2564 1067 2598 institutis
1094 2564 1188 2604 dixi,
1231 2565 1399 2608 exemplo
1426 2575 1503 2597 esse
1529 2568 1649 2609 potest
1673 2568 1805 2608 praetcr

455 2626 627 2671 suffragii
652 2627 832 2660 lationem
858 2637 1017 2658 censurae
1043 2625 1216 2658 universa
1240 2623 1348 2657 ratio.

391 2688 425 2731 1)
451 2687 530 2720 Lib.
547 2688 576 2727 1,
602 2687 655 2720 14.
675 2687 729 2720 15.
779 2687 860 2720 Non
880 2690 980 2719 recte
1003 2685 1173 2718 Niebuhr
1193 2685 1258 2727 (11,
1273 2683 1342 2717 689
1358 2684 1451 2725 not.)
1465 2683 1653 2716 Velleium
1677 2682 1806 2715 civium

454 2747 620 2781 colonias
647 2746 798 2781 omnino
822 2745 1019 2780 exclusisse
1048 2745 1160 2786 dicit3
1188 2746 1326 2779 multus
1355 2744 1452 2777 enim
1478 2742 1615 2776 civium
1642 2753 1805 2775 comme-

454 2808 626 2843 moravit.
695 2807 913 2852 Dionysium
949 2806 1176 2846 Nicbuhrio,
1211 2816 1326 2850 quum
1362 2804 1453 2849 alibi
1485 2814 1579 2847 saepe
1615 2802 1805 2837 rhetorem
