1981 3390
1453 258 1553 307 429

174 381 321 422 codice
351 382 580 432 adnotata,
624 381 693 422 cui
723 377 861 420 altera
892 377 1037 419 addito
1070 375 1282 418 vocabulo
1309 382 1433 431 prius
1461 380 1620 420 adscri-

173 458 325 510 batur,
375 468 421 499 ut
452 458 575 499 illam
607 464 824 511 receptam
865 457 909 495 in
953 462 1205 495 contextum
1238 464 1389 509 putes,
1435 469 1521 496 non
1564 457 1622 496 sit

173 544 316 576 tamen
351 537 396 575 iu
432 542 655 575 contextu.
718 533 854 587 Atqui
890 533 931 573 id
976 546 1061 573 non
1102 532 1169 573 his
1211 532 1379 573 duobus
1414 531 1524 572 locis
1556 530 1621 582 fit,

170 612 244 652 sed
267 617 481 664 perpetuo
519 611 561 651 in
604 609 683 650 illa
724 610 967 665 farragine,
1009 619 1056 650 ut
1098 611 1181 650 isto
1224 610 1350 651 modo
1391 609 1619 659 scribatur,

170 701 427 742 quamquam
459 688 678 728 rarissime
718 688 909 728 codicum
954 689 1174 742 scriptura:
1218 689 1262 727 in
1303 696 1510 728 contextu
1543 701 1619 742 po-

168 766 261 804 sitae
292 774 417 815 sunt,
456 765 508 806 de
550 779 633 820 quo
675 767 767 819 ipse
808 765 1002 805 Orellius
1048 764 1152 805 olim
1197 774 1312 806 recte
1358 765 1529 819 scripsit
1563 763 1617 805 ad

167 843 337 882 initium
380 843 527 896 primae
558 843 748 882 omnium
781 844 989 882 orationis
1019 843 1062 881 in
1094 843 1284 882 editione
1318 842 1496 881 maiore.

286 918 356 959 De
389 919 607 960 codicibus
647 919 832 973 denique
875 917 1152 972 vulgaribus,
1199 918 1442 968 lacunosis,
1483 916 1616 971 paulo

168 994 430 1049 implicatior
459 1005 524 1036 est
553 996 814 1049 disputatio,
854 994 909 1035 ob
941 1009 1034 1035 eam
1070 1008 1240 1050 quoque
1271 1008 1471 1045 causam,
1503 993 1618 1049 quod

166 1085 338 1122 eorum,
392 1074 465 1127 qui
507 1073 676 1113 codices
718 1071 1000 1113 Oxonienses
1046 1071 1345 1122 contulerunt,
1388 1072 1617 1126 diligentia

164 1162 250 1189 non
290 1157 409 1190 tanta
452 1150 562 1200 fuit,
610 1158 656 1189 ut
701 1164 851 1190 eorum
891 1149 1065 1190 silentio
1100 1147 1208 1189 fides
1253 1163 1434 1203 usquam
1465 1149 1617 1190 haberi

163 1227 303 1280 possit
323 1226 378 1278 ¹).
441 1225 609 1267 Horum
652 1227 872 1277 codicum,
920 1226 1034 1281 quod
1075 1227 1208 1268 miror
1245 1228 1461 1267 neminem
1505 1227 1617 1267 indi-

166 1316 312 1352 casse,
346 1302 512 1358 duplex
543 1312 608 1343 est
636 1317 798 1359 genus,
841 1303 1027 1344 alterum
1068 1318 1244 1353 eorum,
1287 1318 1468 1359 quorum
1509 1318 1616 1358 pau-

164 1381 303 1421 ciores
335 1389 434 1421 sunt
465 1381 748 1431 omissiones,
792 1379 977 1421 alterum
1017 1394 1191 1429 eorum,
1233 1395 1413 1435 quorum
1453 1380 1617 1436 plures.

165 1456 235 1497 Ex
272 1457 353 1498 hoc
383 1459 625 1513 posteriore
657 1471 818 1511 genere
851 1458 935 1498 duo
969 1466 1070 1498 sunt
1102 1457 1398 1508 oxonienses,
1432 1457 1468 1498 C
1493 1467 1537 1499 et
1565 1458 1613 1507 T,

162 1534 273 1586 apud
290 1533 509 1575 Graevium
525 1534 788 1575 Dresdensis
812 1535 1148 1586 etFrancianuS‚
1182 1543 1223 1575 et
1245 1549 1305 1576 ex
1330 1534 1472 1590 aliquo
1500 1537 1615 1576 eius-

162 1611 277 1651 modi
306 1612 456 1665 primae
489 1611 704 1652 editiones
738 1611 875 1652 ductae
903 1621 1018 1662 sunt,
1049 1611 1186 1661 velut,
1215 1626 1342 1666 quam
1370 1627 1452 1668 ego
1475 1612 1614 1653 solam

160 1687 290 1728 huius
326 1690 499 1743 generis
528 1689 728 1743 inspexi,
769 1702 808 1728 a.
840 1690 971 1735 14723
1013 1702 1072 1728 ex
1108 1690 1249 1742 priore
1283 1698 1485 1743 quattuor
1513 1697 1616 1730 sunt

163 1764 464 1815 Oxonienses,
495 1765 554 1814 H,
589 1763 637 1815 S,
666 1778 715 1820 χ,
747 1775 812 1815 w,-
853 1779 911 1805 ex
944 1764 1189 1805 huiusmodi
1219 1767 1364 1807 codice
1393 1766 1519 1806 ducta
1549 1774 1615 1806 est

162 1842 295 1882 editio
328 1857 368 1882 a.
399 1843 509 1882 1480
541 1849 583 1881 et
623 1855 715 1896 quae
746 1841 987 1882 subsecutae
1019 1850 1134 1881 sunt.
1178 1844 1289 1883 'Sed
1326 1843 1615 1884 animadverti

162 1918 305 1968 debet,
340 1917 462 1968 nihil,
496 1918 606 1972 quod
640 1919 682 1957 in
715 1917 782 1957 his
815 1919 957 1957 minus
990 1917 1199 1958 mutilatis
1229 1919 1355 1968 desit,
1386 1919 1537 1959 adesse
1568 1921 1614 1960 in

161 1994 253 2035 illis
286 1994 462 2044 alteris,
500 2003 545 2034 ut
579 2003 809 2049 appareat,
853 2007 938 2034 non
978 1993 1107 2048 plane
1149 1995 1363 2035 diversam
1400 1997 1614 2051 originem

163 2085 260 2112 esse
293 2071 420 2111 huius
451 2072 758 2112 contractionis
787 2072 908 2121 sive,
942 2079 988 2110 ut
1014 2071 1229 2111 recentius
1258 2072 1333 2111 sed
1363 2074 1504 2127 aptius
1536 2088 1613 2114 vo-

164 2147 365 2189 cabulum
399 2162 483 2188 non
518 2148 707 2203 fugiam,
740 2147 1106 2197 abbreviationis,
1147 2148 1222 2188 sed
1253 2162 1348 2188 eam
1380 2149 1516 2190 semel
1548 2151 1613 2190 in-

162 2233 330 2280 ceptam
364 2225 518 2265 deinde
563 2223 693 2265 latius
727 2239 823 2265 esse
865 2238 1139 2280 progressam
1159 2227 1215 2278 ²).
1286 2224 1431 2281 Atque
1465 2225 1612 2268 hacte-

183 2364 222 2408 Ι)
254 2365 407 2399 Accedit
435 2365 532 2408 quod
563 2364 724 2399 editione
741 2362 901 2398 Halensi
922 2364 1161 2410 negligenter
1186 2364 1289 2399 facta
1316 2368 1508 2399 contentus
1535 2377 1613 2400 esse

251 2436 376 2469 cogor.
437 2425 630 2458 Editiones
654 2424 914 2458 vetustissimae
940 2435 1007 2467 pro
1029 2423 1218 2457 codicibus
1245 2436 1322 2458 esse
1351 2429 1522 2469 possunt,
1548 2427 1614 2460 sed

251 2485 487 2520 diversitates
513 2485 679 2530 ipsorum
704 2484 857 2518 illorum
884 2483 1067 2525 codicum,
1095 2484 1156 2529 qui
1174 2485 1220 2518 ad
1246 2486 1473 2520 altciutrum
1497 2499 1614 2532 genus

249 2545 463 2590 pertinent,
510 2557 554 2579 ex
588 2545 634 2580 iis
674 2545 849 2591 cognosci
884 2550 1094 2589 nequeunt,
1133 2556 1248 2589 quum
1283 2545 1364 2579 sere
1400 2557 1443 2579 ex
1469 2547 1614 2581 duobus

251 2606 448 2649 pendeant.

182 2667 222 2708 2)
250 2666 291 2698 ln
317 2664 488 2698 omnibus
514 2664 591 2698 liaec
615 2664 863 2700 omittuntur:
891 2677 920 2700 c.
949 2665 1007 2707 36,
1034 2666 1081 2699 77
1108 2665 1220 2709 Aequa·
1244 2665 1297 2697 vis
1323 2664 1367 2697 ad
1395 2663 1451 2704 36,
1477 2662 1522 2696 78
1548 2673 1609 2694 εα-

250 2725 444 2768 ginantur,
471 2723 529 2763 ⁴0,
552 2723 598 2757 87
625 2726 727 2758 Adiit
752 2727 869 2770 igitur
903 2727 950 2760 ad
977 2726 1043 2766 41,
1077 2724 1123 2758 89
1153 2725 1445 2768 pertimesceret,
1471 2721 1536 2762 43,
1565 2722 1611 2755 93

252 2796 357 2828 quum
383 2784 477 2817 sciat
501 2784 548 2817 ad
572 2785 628 2825 41,
654 2786 700 2820 95
726 2785 913 2818 accusavit
939 2785 983 2819 de
1010 2786 1047 2818 υἱ
1071 2786 1255 2823 Milonem,
1281 2797 1310 2817 c.
1336 2783 1394 2823 52,
1419 2782 1487 2816 112
1516 2782 1610 2815 Illuc

250 2849 410 2879 revertor
443 2845 490 2879 ad
524 2842 592 2885 ⁵3,
625 2845 692 2879 114
718 2845 951 2890 dtgm'ssimos
979 2846 1135 2885 iudicet,
1171 2844 1239 2883 51,
1274 2842 1342 2878 11⁵
1378 2843 1609 2878 Comitiorum
