1981 3390
1444 269 1539 318 371

156 399 337 452 ptores).
408 394 622 437 'Videntur
655 400 799 433 tamen
831 392 1015 431 crimina
1047 400 1126 428 sua
1157 386 1306 444 aliquo
1349 390 1476 431 modo
1523 391 1607 433 dici

155 487 283 529 posse
327 486 405 527 pro
449 472 530 522 iis,
577 482 671 526 quae
713 467 798 508 sibi
840 464 972 508 obiici
1012 465 1205 519 possint,
1248 466 1607 521 quemadmodum

154 549 308 590 Livius
353 546 558 597 XXXV,
601 548 657 587 19
694 549 799 587 meis
833 543 1111 594 criminibus,
1151 543 1195 584 id
1228 551 1319 594 est,
1361 556 1430 583 me
1465 545 1607 585 crimi-

154 626 318 675 nando,
361 623 502 674 dixit,
556 625 639 664 etsi
682 633 771 664 tum
818 624 960 664 minus
1006 630 1153 677 aptum
1202 629 1268 661 est
1307 624 1604 675 exstinguere.

153 701 383 753 Ceterum,
425 702 540 757 quod
572 702 615 742 id
646 703 787 755 ipsum
821 715 846 742 a
880 699 1090 742 Cicerone
1125 684 1332 754 scriptum
1363 712 1458 739 esse
1490 698 1605 739 arbi-

153 787 290 821 tratus
321 793 443 830 sum,
477 778 591 835 quod
620 780 663 819 in
697 776 846 820 Guelf.
878 776 899 819 I
931 774 1117 832 legitur,
1162 784 1205 818 et
1236 777 1386 817 durius
1426 784 1469 817 et
1507 775 1603 817 bre-

152 858 250 898 vius
282 864 348 897 est
379 870 458 898 nec
497 857 550 897 de
581 855 797 898 iudicibus
842 853 1047 896 tollendis
1082 855 1264 910 cogitari
1292 862 1487 908 poterat,
1526 853 1604 894 sed

150 933 284 984 deiis,
311 932 467 990 quibus
480 933 769 989 apudiudices
783 931 947 973 Verres
965 939 1234 986 argueretur.
1298 929 1432 970 Recte
1457 939 1599 970 autem

150 1009 344 1051 facinora
358 1008 426 1051 hic
447 1011 668 1051 nominata
686 1008 845 1064 negavi
861 1006 913 1048 ob
930 1008 1172 1062 sequentia,
1185 1020 1264 1047 nec
1277 1018 1411 1056 noxa,
1426 1008 1469 1046 in
1487 1007 1603 1061 quod

149 1086 410 1128 vocabulum
443 1085 640 1127 Orellius
672 1085 823 1126 incidit
856 1085 1061 1137 (noxas),
1100 1085 1163 1124 sic
1198 1083 1370 1124 dicitur.
1450 1083 1601 1138 Itaque

145 1163 288 1204 locum
331 1171 494 1204 attente
535 1164 813 1204 considerans
854 1161 900 1201 in
945 1159 1077 1202 aliam
1122 1160 1255 1201 incidi
1286 1163 1600 1208 coniecturan1;

147 1242 344 1296 suspicor
369 1243 485 1282 enim
510 1241 554 1281 in
572 1240 650 1281 illo
665 1237 1028 1281 vocabulolatere
1051 1251 1202 1285 voce-e,-
1234 1239 1296 1279 ita
1311 1246 1444 1279 testes
1467 1239 1601 1279 inter-

146 1317 283 1358 fectos
313 1332 366 1359 ex
388 1317 538 1358 inferis
565 1330 714 1358 vocem
743 1318 951 1357 missuros
977 1316 1166 1366 diceret,
1196 1315 1517 1356 accommodate
1545 1316 1599 1356 nd

148 1409 213 1444 ea,
243 1407 335 1450 quoe
358 1393 660 1435 subiiciuntur.
725 1394 803 1434 Est
826 1403 968 1434 tamen
991 1394 1239 1434 coniectura
1260 1405 1320 1433 ex
1345 1404 1492 1433 earum
1523 1406 1598 1447 ge-

147 1484 275 1522 nere,
309 1471 363 1512 ad
397 1486 503 1527 quas
530 1470 847 1513 confirmandas
877 1485 962 1511 non
992 1472 1052 1510 ita
1084 1468 1211 1524 plura
1243 1478 1521 1519 concurrant,
1551 1477 1599 1509 ut

144 1547 361 1589 confidere
388 1549 542 1604 possis.
605 1547 778 1588 Certius
807 1548 1028 1589 emendari
1055 1554 1225 1600 potest,
1253 1547 1366 1601 quod
1395 1548 1598 1601 proxime

145 1628 241 1677 (44,
285 1627 387 1676 114)
420 1641 445 1666 a
478 1624 683 1681 Zuinptio
718 1639 777 1665 ex
818 1624 942 1666 codd.
978 1623 1235 1679 vulgaribus
1271 1632 1313 1665 et
1355 1624 1451 1664 edd.
1486 1625 1596 1664 anti-

143 1704 239 1758 quis
272 1704 493 1744 reductum
529 1712 618 1745 est:
666 1707 714 1744 in
745 1708 871 1743 tanta
908 1716 978 1752 re,
1022 1707 1086 1742 tot
1112 1699 1327 1741 hominnm
1359 1715 1515 1751 cansa,
1548 1702 1597 1742 P.

155 1778 338 1822 Vettium
388 1781 449 1820 ad
493 1794 538 1820 se
579 1784 785 1830 arcessit,
837 1777 1007 1820 Orellio
1050 1787 1230 1820 eatenus
1273 1762 1505 1834 sequente,
1551 1788 1597 1818 ut

144 1866 287 1899 tamen
320 1871 453 1897 causa
485 1856 714 1898 delendum
748 1855 1042 1912 significaret,
1064 1852 1313 1896 ‘manifesto
1353 1870 1487 1911 prava
1518 1870 1594 1896 va-

145 1936 329 1976 riatione
363 1935 576 1975 adiectum
620 1935 672 1975 ud
719 1933 999 1974 molliendum
1044 1934 1283 1989 genitivum
1326 1947 1503 1985 prorsus
1538 1946 1595 1973 ex

146 2011 368 2053 Ciceronis
398 2026 516 2053 inore
539 2010 862 2066 superadditum
897 2011 992 2051 voci
1022 2016 1147 2051 tanta
1181 2018 1223 2050 et
1257 2009 1311 2050 ad
1343 2010 1458 2050 idem
1493 2008 1594 2050 sub·

143 2091 381 2130 stanni-um
426 2090 729 2144 pertinentem.
806 2087 915 2130 Nam
969 2102 1023 2128 ex
1073 2086 1325 2128 melioribus
1374 2086 1594 2127 codicibus

145 2166 465 2219 Stephaniunus
518 2174 557 2206 et
599 2164 761 2207 Guelff.
797 2171 864 2216 (ut
902 2180 958 2207 ex
1001 2163 1191 2221 Zuinptii
1233 2173 1336 2205 nota
1377 2165 1593 2220 suspicor)

144 2242 328 2285 hubent:
372 2250 436 2285 loc
471 2242 683 2284 laome’mcm
720 2249 836 2284 totve
865 2247 1021 2284 civium·
1055 2243 1115 2284 ad
1144 2257 1190 2284 se
1218 2246 1426 2291 arcessit,
1459 2241 1592 2282 idem-

143 2333 224 2377 que
255 2321 509 2372 Leidensis‚
557 2323 639 2362 nisi
672 2321 783 2376 quod
826 2323 869 2361 in
906 2335 957 2362 eo
988 2329 1054 2362 est
1082 2326 1222 2369 Iotne3
1270 2326 1447 2375 apparet
1479 2321 1592 2360 veci-

140 2402 253 2440 ve‘um
287 2412 383 2439 esse
423 2396 613 2440 Veclc‘ecm
643 2398 896 2450 (Vettium).
948 2397 1100 2438 Restat
1130 2396 1240 2438 illud
1270 2402 1337 2437 iot
1361 2404 1402 2436 et
1425 2410 1594 2451 praeno-

139 2477 268 2516 minis
297 2476 505 2518 defectus,
567 2477 654 2518 Sed
686 2477 727 2516 in
762 2473 1071 2517 collat-Haun.
1096 2483 1160 2515 est
1190 2480 1256 2515 tot
1285 2473 1497 2515 hominum
1531 2479 1594 2514 tot

148 2552 365 2601 Vectt'ecm3
407 2568 464 2595 ex
504 2554 603 2595 Par.
644 2556 756 2596 7774
793 2554 850 2595 A.
887 2552 1152 2609 Krarupius‚
1195 2552 1308 2609 quod
1345 2551 1391 2592 hi
1423 2550 1590 2604 signifi-

143 2638 265 2680 cant,
311 2633 524 2672 enotavit:
572 2637 638 2672 lot
678 2630 916 2683 homimem,
966 2637 997 2672 t.
1028 2635 1218 2673 vecce'ecm
1256 2629 1330 2684 (T.
1361 2627 1591 2678 Vettium).

142 2705 240 2756 Quo
287 2706 389 2762 quid
431 2717 573 2764 potest
613 2723 708 2752 esse
750 2709 970 2766 apertius‘!
1031 2708 1087 2750 Et
1128 2718 1268 2750 tamen
1305 2719 1406 2747 casu
1438 2702 1511 2755 fit,
1545 2713 1591 2743 ut

144 2784 187 2825 id
227 2783 483 2827 consu-mare
525 2787 662 2843 magis
703 2789 942 2843 possimus;
987 2801 1086 2830 nam
1132 2801 1189 2829 ex
1224 2784 1301 2826 lib.
1338 2782 1402 2824 111
1448 2796 1481 2823 c.
1520 2782 1589 2830 71,

1247 2865 1325 2898 21*
