1981 3390
427 260 525 307 25ss

357 380 583 430 derentur,
613 378 848 433 perfectum
882 386 947 419 est
985 381 1030 419 in
1074 378 1241 420 Latinis
1285 382 1397 422 circa
1439 394 1596 423 annum
1634 384 1718 424 338
1757 399 1798 426 a·

358 455 438 498 Ch.
471 471 539 507 n.,
571 457 615 496 in
643 455 870 506 Hernicis,
903 457 940 495 si
972 464 1088 496 recte
1119 459 1263 498 onmia
1297 458 1546 509 traduntur,
1578 458 1799 515 aliquanto

356 542 481 589 post,
514 535 628 574 circa
661 548 698 573 a.
725 535 820 572 306.
893 532 1029 573 Simul
1072 536 1227 587 partini
1262 536 1431 575 interna
1463 536 1675 577 discordia
1703 552 1801 592 par-

356 613 433 652 tim
464 612 659 651 externis
687 608 883 649 hostibus
910 608 1190 664 urgentibus,
1225 612 1279 651 ad
1312 621 1550 653 extremum
1582 613 1798 654 Romano-

355 703 450 729 rum
490 701 645 740 opera,
685 685 858 726 facilius
892 684 1088 740 singulos
1119 694 1260 741 'quam
1303 690 1553 730 coniunctos
1595 689 1801 746 subigen-

357 767 462 804 tium
507 772 549 803 et
592 763 863 818 regentium,
908 761 1060 802 horum
1100 763 1360 817 populorum
1405 767 1634 806 societates
1676 768 1799 822 quasi

355 840 659 881 dissuebantur
689 848 732 880 et
760 838 943 880 concilia
973 837 1238 880 tollebantur
1258 842 1312 891 ¹).
1368 839 1474 881 Haec
1499 856 1557 882 ex
1586 856 1669 897 quo
1702 842 1800 885 fieri

356 926 507 970 coepta
538 925 667 967 sunt,
694 918 878 971 primum
914 916 1022 956 nihil
1052 917 1258 957 intererat
1285 917 1514 959 admodum
1541 920 1653 960 inter
1683 918 1799 972 illas,

356 1009 461 1050 quas
492 995 614 1045 dixi,
654 993 846 1034 colonias
880 1006 1074 1033 seorsum
1107 995 1360 1034 constitutas
1393 1003 1435 1034 et
1471 994 1661 1050 reliquas
1693 998 1800 1038 civi-

354 1079 478 1114 tates?
498 1071 700 1121 Latinas,
743 1072 828 1110 nisi
871 1070 982 1125 quod
1013 1072 1056 1110 in
1090 1070 1179 1110 illis
1210 1079 1380 1111 veteres
1411 1072 1563 1112 incolae
1593 1087 1677 1113 non
1711 1072 1799 1113 La-

354 1149 434 1188 tini
480 1148 762 1189 remanebant
810 1147 1050 1202 turbasque
1098 1149 1289 1188 excitare
1332 1156 1545 1202 poterant.
1611 1147 1798 1200 Deinde,

355 1233 573 1266 crescente
606 1225 775 1279 imperii
797 1223 980 1264 Romani
1012 1225 1221 1275 potentia,
1253 1225 1347 1265 orta
1377 1233 1443 1264 est
1472 1239 1586 1266 nova
1614 1227 1724 1266 ratio
1753 1227 1798 1266 in

351 1301 605 1356 regionibus
636 1301 888 1355 oppidisque
912 1299 1115 1348 subactis,
1150 1314 1242 1354 quae
1269 1300 1488 1341 hominum
1514 1300 1642 1352 alius,
1670 1316 1798 1356 quam

350 1378 545 1428 Latinae,
575 1378 721 1432 stirpis
754 1384 922 1426 essent,
957 1391 1043 1416 non
1073 1376 1268 1417 Romana
1298 1378 1523 1432 praesidia,
1553 1378 1627 1419 sed
1661 1392 1798 1420 novas

351 1457 550 1496 civitates
590 1454 811 1496 hominum
852 1455 1025 1509 cognati
1064 1455 1236 1508 generis
1281 1455 1593 1506 constituendi,
1634 1470 1739 1511 agro
1772 1470 1799 1497 a

351 1531 559 1573 Romanis
576 1532 726 1586 praedae
748 1531 932 1571 dominis
955 1531 1207 1586 adsignato,
1239 1543 1331 1585 quae
1355 1531 1506 1571 eodem
1526 1532 1620 1572 iure
1644 1540 1686 1572 et
1707 1532 1798 1572 foe-

351 1609 453 1649 dere
484 1608 691 1649 Romanis
720 1616 947 1662 parerent,
991 1617 1074 1662 quo
1120 1615 1291 1648 veteres
1329 1609 1374 1647 in
1407 1609 1501 1659 ipso
1532 1607 1659 1648 Latio
1693 1609 1798 1648 civi-

350 1693 461 1727 tates
494 1687 654 1725 sensim
687 1684 875 1726 subactae
903 1684 1128 1739 parebant.
1193 1684 1279 1726 Sed
1311 1682 1485 1724 difficile
1515 1693 1580 1725 est
1604 1686 1649 1725 in
1668 1684 1796 1725 huius

350 1764 524 1818 generis
545 1763 854 1820 =antiquissima
884 1762 1065 1823 historia
1093 1760 1289 1816 singulos
1320 1762 1442 1816 quasi
1474 1762 1632 1816 gradus
1650 1775 1796 1817 perse-

350 1842 424 1894 qui
452 1840 552 1880 inde
585 1855 610 1880 a
642 1840 849 1880 Romanis
868 1853 979 1880 ·cun1
1010 1839 1182 1878 nomine
1199 1838 1357 1879 Latino
1390 1840 1627 1880 coniunctis
1657 1852 1792 1893 usque

351 1917 406 1957 ad
445 1917 627 1958 Latinos
668 1916 898 1967 subactos,
945 1929 1122 1971 quaeque
1167 1914 1348 1955 coloniae
1391 1915 1444 1956 ab
1488 1917 1582 1970 ipso
1619 1916 1793 1955 nornine

349 1993 536 2044 Latino,
570 2008 664 2048 quae
695 2008 719 2033 a
751 1983 954 2034 Romanis
984 1993 1238 2046 Latinisque
1271 2001 1314 2032 et
1342 1992 1568 2042 Hernicis,
1599 2006 1692 2047 quae
1722 1992 1797 2033 de·

350 2073 479 2126 nique
509 2073 629 2111 iussu
649 2069 940 2111 Romanorum
958 2070 1125 2110 Latinae
1154 2069 1344 2110 deductae
1372 2071 1480 2120 sint,
1514 2069 1795 2124 distinguere.

350 2148 446 2188 Hoc
478 2157 642 2189 tantum
674 2155 815 2203 patet,
862 2148 939 2188 has
979 2147 1128 2200 populi
1167 2147 1351 2188 Romani
1394 2146 1586 2188 colonias
1615 2145 1794 2186 Latinas

351 2234 440 2264 tuni
472 2226 642 2265 demum
673 2225 825 2264 deduci
858 2227 1078 2277 potuisse,
1123 2240 1252 2280 quum
1285 2226 1370 2265 iam
1406 2223 1551 2279 aliqua
1582 2237 1680 2279 pars
1709 2222 1795 2262 La-.

351 2302 538 2341 tinorum
585 2300 791 2341 Romanis
836 2310 1020 2355 pareret.
1096 2302 1287 2341 Primum
1335 2302 1387 2341 de
1430 2302 1604 2354 antiqua
1649 2298 1795 2338 condi-

350 2379 473 2423 cione
507 2377 788 2427 coloniarum,
822 2382 914 2431 q'uae
948 2392 973 2417 a
1006 2375 1245 2430 Tarquinio
1277 2375 1473 2430 Superbo
1507 2375 1698 2415 deductae
1731 2375 1794 2415 di-

352 2463 518 2505 cuntur,
547 2455 708 2509 Signiae
734 2462 776 2494 et
803 2452 1067 2494 Circeiorum
1099 2452 1217 2502 (Liv.
1244 2455 1284 2502 1,
1312 2454 1382 2502 56,
1402 2451 1580 2506 Dionys.
1599 2451 1678 2501 IV,
1707 2452 1794 2502 63),

352 2546 607 2587 quamquam
640 2531 846 2571 inferiore
880 2539 1004 2570 :etate
1035 2539 1214 2584 utraque.
1242 2529 1399 2570 Latina
1433 2527 1579 2584 populi
1609 2528 1793 2569 Rotnani

349 2611 456 2660 fuit,
499 2608 608 2650 nihil
647 2622 774 2664 posse
807 2606 1010 2648 affirmari
1045 2614 1248 2662 apparet,
1292 2607 1401 2661 quod
1446 2607 1597 2661 Signia
1639 2620 1677 2645 a.
1709 2607 1792 2645 496

351 2686 550 2742 suppleto
583 2685 831 2728 colonorum
864 2699 1041 2726 numero
1066 2685 1221 2725 iterum
1249 2683 1431 2725 deducta
1451 2691 1648 2725 narratur
1675 2681 1792 2733 (Liv.

377 2860 414 2901 1)
442 2859 519 2893 Csr.
550 2868 661 2903 supra
689 2871 720 2902 p.
750 2855 829 2889 22⁰.
