1981 3390
1455 220 1516 268 ⁴1

139 343 221 395 bis,
251 356 344 400 quae
369 342 440 384 hic
468 341 611 397 posita
640 348 754 390 sunt,
788 338 908 381 aliud
938 315 1224 397 significetur,
1259 354 1386 397 quam
1416 354 1586 395 sponsae

140 435 226 464 non
270 428 398 463 castae
435 434 515 462 nec
555 418 750 460 libidinis
798 417 954 460 saltem
1009 426 1109 460 ante
1150 420 1324 475 nuptias
1363 426 1585 474 expertes,

138 508 214 541 aut
251 499 376 554 quasi
417 498 648 554 quidquam
690 496 790 538 huic
830 495 927 537 loco
967 498 1110 552 aptius
1159 498 1238 550 sit,
1291 511 1418 553 quam
1457 496 1588 536 huius

138 576 334 618 libidinis
363 577 544 627 notatio,
574 589 704 631 quum
737 576 782 615 in
816 573 954 616 altera
987 582 1110 629 parte
1138 576 1194 616 sit
1234 573 1587 616 adolescentulus

137 656 224 697 iam
256 656 302 696 in
331 662 548 710 praetexta
578 652 763 694 adulter.
831 652 947 702 Quid
978 653 1115 694 dicam
1147 653 1199 693 de
1232 653 1428 709 Pegaso,
1461 653 1590 693 iuris-

141 731 357 784 consulto,
387 733 591 788 praefecto
621 729 758 781 urbis,
789 732 966 787 egregie
1000 745 1025 771 a
1060 729 1270 772 Iuvenale
1300 731 1476 772 laudato
1510 729 1591 780 lv,

139 811 211 863 ⁸78,
241 824 368 866 quem
403 818 449 850 ut
482 809 619 851 Stoici
657 809 846 862 speciem
877 808 1155 849 affectantem
1183 808 1316 849 rideri
1341 809 1590 849 Herminius

141 897 186 930 et
217 888 452 943 Rupertius
477 893 644 940 putant,
668 883 1035 939 suspiciunculam
1063 885 1255 925 Ferrarii
1287 887 1449 935 secuti,
1480 885 1595 940 quod

141 965 280 1006 Roma
322 964 376 1004 ad
415 961 716 1003 Domitianum
758 962 803 1002 in
850 976 994 1002 arcem
1044 960 1265 1003 Albanam
1307 963 1593 1004 festinaturus

141 1039 334 1083 abollam
364 1053 536 1081 sumere
577 1039 734 1081 dicitur
765 1042 826 1091 (v.
857 1041 957 1093 76);
1003 1039 1048 1081 id
1079 1041 1195 1081 enim
1228 1054 1324 1081 esse
1358 1042 1594 1082 vestimen-

145 1127 237 1161 tum
277 1117 642 1174 philosophorum
679 1118 809 1174 idque
850 1117 1044 1174 intelligi
1082 1132 1142 1158 ex
1175 1117 1263 1170 III,
1303 1119 1398 1160 115.
1473 1119 1592 1173 Ergo

144 1197 258 1253 quod
286 1197 463 1253 Egnatii
481 1195 666 1248 Celeris,
699 1197 852 1247 Stoici,
882 1196 959 1252 qui
977 1194 1161 1237 Baream
1189 1197 1402 1239 Soranum
1423 1196 1595 1248 detulit,

144 1273 287 1316 scelus
303 1273 496 1324 facinus
527 1277 707 1315 maioris
735 1273 891 1314 abolloe
919 1272 1180 1329 appellatur,
1213 1276 1265 1316 de
1280 1277 1401 1316 cuius
1413 1275 1596 1316 locutio-

144 1353 213 1393 nis
242 1351 565 1406 significatione
607 1353 693 1407 ipsi
730 1350 954 1403 dubitant,
994 1352 1095 1392 inde
1128 1350 1368 1403 conficitur,
1403 1352 1594 1394 abollam

143 1429 505 1486 philosophorum
534 1431 754 1485 propriam
793 1429 955 1479 fuisse,
1001 1443 1132 1484 quum
1161 1430 1205 1470 in
1235 1429 1450 1471 Varronis
1481 1431 1598 1486 frag-

143 1515 290 1549 mento
321 1507 435 1562 apud
465 1505 658 1548 Nonium
692 1508 828 1548 vestis
862 1505 1064 1547 militaris
1091 1508 1162 1558 sit,
1195 1507 1309 1563 apud
1339 1508 1598 1549 Suetonium

145 1583 308 1641 (Calig.
339 1586 414 1637 35)
450 1599 668 1640 purpurea
707 1586 852 1640 regis,
893 1583 1008 1640 apud
1047 1583 1298 1626 Martialem
1337 1585 1494 1650 (Vlllv
1522 1588 1598 1636 48)

146 1661 337 1704 hominis
378 1661 555 1726 delicati
592 1671 636 1704 et
667 1662 882 1719 elegantis
899 1665 965 1715 ¹),
1008 1670 1057 1704 ut
1091 1665 1197 1704 satis
1235 1673 1464 1720 appareat,
1510 1679 1598 1706 non

147 1742 372 1797 proprium
400 1742 507 1782 certi
539 1740 764 1782 hominum
789 1741 965 1796 generis
997 1743 1305 1783 vestimentum
1332 1743 1492 1794 fuisse,
1523 1743 1601 1784 sed

147 1833 399 1869 commune,
441 1820 629 1860 crassius
669 1820 815 1870 (Serv.
848 1819 902 1859 ad
931 1818 1060 1874 Virg.
1091 1818 1195 1861 AEn.
1228 1820 1286 1871 V,
1327 1821 1453 1873 421),
1486 1821 1600 1876 quod

148 1905 262 1953 togae
292 1895 549 1953 reliquoque
582 1895 752 1938 habitui
785 1897 1038 1952 superiniici
1069 1897 1257 1948 soleret,
1302 1906 1350 1938 ut
1387 1898 1469 1939 hoc
1504 1898 1601 1939 loco

150 1988 178 2016 a
201 1974 400 2030 Pegaso,
442 1975 526 2015 iter
555 1973 700 2014 hieme
734 1973 943 2014 stridente
986 1973 1093 2024 (vid.
1139 1988 1182 2015 v.
1221 1975 1296 2026 58)
1338 1976 1603 2030 ingressuro.

151 2051 239 2092 Sed
270 2049 395 2091 nulla
422 2049 515 2090 fere
540 2051 717 2106 pravior
746 2057 790 2090 et
821 2062 912 2105 quae
943 2051 1084 2106 magis
1115 2058 1158 2091 et
1185 2065 1256 2092 res
1283 2052 1605 2095 diversissimas

152 2128 388 2170 confundat
417 2136 461 2169 et
488 2136 628 2183 poetae
658 2129 917 2169 sententiam
944 2136 1192 2183 pervertat,
1236 2143 1295 2170 ex
1327 2129 1410 2172 hoc
1442 2146 1602 2187 genere

152 2207 344 2261 suspicio
366 2213 446 2257 est,
477 2219 606 2261 quam
633 2219 721 2262 qua
749 2205 804 2247 ad
836 2213 917 2247 sat.
939 2204 1020 2258 ΙΙΙ,
1053 2208 1124 2249 79.
1154 2207 1211 2248 80
1235 2215 1427 2249 utuntur.
1484 2208 1604 2250 Grae-

182 2354 220 2400 1)
244 2355 289 2390 In
312 2355 397 2389 loco
421 2353 489 2388 illo
512 2352 630 2388 tertiae
655 2353 776 2389 satirae
802 2365 935 2389 verum
959 2353 1121 2399 videtur,
1148 2357 1244 2402 quod
1264 2356 1301 2392 in
1323 2357 1467 2392 scholio
1484 2357 1605 2403 primo

244 2416 330 2450 loco
353 2415 506 2460 ponitur
529 2415 682 2459 (deinde
709 2415 808 2449 cnim
837 2416 959 2451 altera
985 2416 1054 2452 illa
1079 2417 1124 2451 tle
1148 2418 1267 2463 pallio
1294 2419 1607 2464 philosophorum

246 2476 397 2512 additur
428 2475 730 2521 interpretatio),
765 2477 966 2522 proverbio
993 2478 1154 2523 quodam
1188 2479 1261 2513 dici
1285 2481 1330 2513 de
1359 2481 1512 2514 maioris
1536 2482 1606 2516 110-

247 2537 360 2573 minis
384 2540 421 2572 et
448 2536 670 2581 potentioris
699 2538 867 2588 scelerej
903 2543 1033 2583 aperte
1063 2539 1164 2573 enim
1188 2541 1373 2586 Egnatius
1398 2542 1609 2587 seiungitur

248 2609 272 2634 a
293 2599 407 2634 turba
433 2599 694 2633 Graeculorum
717 2597 756 2634 in
780 2600 985 2645 gymnasiis
1008 2601 1256 2646 strepentium
1283 2608 1318 2638 et
1345 2615 1474 2637 eorum
1500 2603 1610 2636 sactis

247 2659 465 2694 levioribus.
536 2660 634 2694 Nam
669 2661 790 2694 transi
824 2661 1019 2706 gymnasia
1062 2661 1150 2707 quin
1192 2661 1240 2697 sit
1273 2665 1418 2703 omitte,
1455 2661 1609 2708 praeteri

248 2731 390 2766 gymn„
416 2731 512 2763 non,
547 2721 668 2755 transi
697 2721 748 2755 ad
779 2723 996 2767 gymnasia,
1035 2734 1109 2758 non
1143 2724 1305 2760 debebat
1339 2724 1495 2758 dubium
1529 2735 1608 2758 csse

247 2781 378 2816 Latine
405 2781 629 2825 scientibus,
661 2781 808 2817 etiamsi
839 2783 1030 2820 Iuvenalis
1052 2786 1142 2829 vn,
1183 2785 1254 2822 190
1276 2798 1348 2822 non
1378 2784 1605 2830 scripsisse-t:

256 2840 429 2888 Exempla
451 2854 625 2880 novorum
645 2844 811 2887 satorum
836 2845 965 2881 transi.
