1981 3390
1467 209 1532 256 93

148 331 265 384 quit,
307 330 378 370 vel
404 331 593 369 maxime
621 327 735 382 qaod
763 326 971 367 unoculus
991 324 1120 377 ficit,
1152 339 1239 368 rem
1271 331 1358 368 {am
1388 333 1600 383 insignem

148 422 231 448 non
260 410 526 462 praeterisset
537 436 550 458 ,
616 409 709 447 nisi
745 418 867 461 aeque
899 408 1065 460 prioris
1109 403 1298 446 Hesiodi
1338 408 1599 449 carminibus

147 487 367 541 vulgatum
401 489 526 525 esset.

253 563 509 604 'Secundum
543 560 703 603 librum
737 560 804 603 bis
835 563 938 603 citat
981 560 1165 604 Nonius.
1222 560 1270 603 Ρ.
1302 563 1386 604 165
1415 563 1488 615 (de
1523 563 1599 604 ho-

145 649 255 683 nest.
287 650 330 682 et
359 655 460 682 nov.
490 649 578 681 vet.
605 640 706 681 dict.
736 655 778 681 v.
807 640 1064 693 reclleoslit)‚
1123 641 1267 696 posito
1293 640 1416 682 verbi
1446 641 1598 682 redho-

144 723 250 760 stire
281 718 488 775 exemplo
520 732 579 760 ex
612 718 725 759 Attii
757 718 1092 774 Amphitruone,
1124 718 1264 760 addit:
1322 718 1442 759 Idem
1475 719 1601 761 dida·

147 798 341 838 ecalicon
368 798 430 851 (v.
465 796 754 851 didascalico)
786 796 860 838 lib.
892 797 979 838 II:
1016 797 1076 838 Ut
1108 797 1205 838 dum
1242 797 1378 838 velint
1410 797 1600 839 brevita-

147 880 227 915 tem
264 879 470 930 consequi
495 873 742 923 verborum,
800 876 932 915 aliter
965 888 1019 915 ac
1053 877 1115 914 sit
1144 875 1329 914 relatam
1358 858 1601 916 redhostire

145 966 357 1007 sponsum.
415 952 464 993 ln
495 952 707 993 extremis
737 949 963 992 Mercerus
994 952 1361 1003 tentat:,clalmn,
1391 952 1605 993 redhostit·

144 1042 417 1083 responsum3
458 1043 513 1070 ex
548 1028 704 1085 quibus
738 1041 986 1082 respons-mn
1015 1043 1166 1070 verum
1199 1029 1394 1080 videtur,
1439 1031 1598 1071 elatum

142 1109 379 1159 incertum,
419 1106 631 1148 redhostit
654 1105 829 1148 falsum.
892 1106 942 1147 P.
974 1109 1058 1148 178
1094 1108 1169 1160 (de
1199 1107 1302 1148 hon.
1330 1116 1373 1149 et
1408 1122 1478 1148 no.
1514 1117 1599 1149 vet.

143 1185 244 1226 dict.
273 1201 315 1227 v.
347 1189 568 1237 temerius)
600 1184 691 1226 haec
726 1185 877 1227 affert:
902 1185 1012 1227 Acc.
1043 1186 1344 1227 didascalicon
1376 1187 1598 1237 (didasca-

142 1265 248 1318 lico)
280 1263 355 1306 lib.
390 1264 476 1306 II:
520 1261 612 1304 Sed
635 1261 900 1317 Euripides,
930 1267 1008 1318 qai
1036 1263 1187 1304 choros
1216 1268 1418 1305 temerius
1448 1269 1494 1305 in
1513 1263 1598 1314 fa-

144 1340 270 1384 bulis.
361 1341 482 1385 Idem
522 1340 693 1383 Nonius
731 1340 892 1383 librum
939 1350 1141 1383 octavum
1176 1344 1280 1383 citat
1310 1357 1352 1397 p.
1386 1344 1467 1384 194
1527 1342 1599 1398 (de

141 1420 316 1461 indiscr.
367 1434 518 1475 gener.
566 1434 609 1461 v.
649 1419 862 1470 balteus):
918 1421 1087 1462 Accius
1139 1421 1440 1461 didascalicon
1487 1420 1598 1461 libro

151 1496 304 1539 VIII:
361 1496 628 1538 Auctoribus
657 1498 903 1549 manuleos,
963 1497 1137 1549 ballea,
1199 1496 1450 1539 macltoeras.
1515 1499 1598 1540 Pro

141 1574 391 1617 auctoribus
419 1576 465 1616 in
499 1577 695 1631 margine
729 1575 998 1631 exemplaris
1027 1575 1304 1618 bibliothecae
1337 1577 1600 1617 universita-

141 1655 197 1694 tis
224 1653 394 1706 Haun.,
457 1654 571 1710 quod
604 1653 656 1694 G.
684 1653 724 1695 J.
756 1654 932 1706 Vossii,
989 1653 1162 1711 Marqu.
1192 1653 1349 1706 Gudii,
1395 1655 1464 1696 Jo.
1497 1655 1598 1696 Alb.

141 1732 331 1774 fabricii
360 1733 468 1784 fuit,
509 1730 772 1788 adscriptum
807 1741 892 1774 est:
918 1731 968 1782 f.
1003 1733 1277 1782 ‹luam-ibam
1324 1733 1479 1774 deinde
1511 1748 1599 1775 ma-

141 1812 297 1853 nuleas
326 1810 598 1852 scribendum
630 1820 720 1863 est,
762 1820 807 1852 ut
834 1811 1034 1853 Scheller
1066 1813 1112 1852 in
1144 1811 1293 1865 lexico
1324 1814 1506 1854 monuit.

262 1887 380 1930 Noni
410 1889 512 1931 libri
548 1892 631 1941 tria
662 1890 909 1945 fragmenta
940 1897 1066 1941 sunt,
1122 1892 1308 1945 primum
1342 1892 1454 1946 apud
1487 1889 1599 1931 Cha-

141 1967 293 2007 risium
335 1966 413 2007 lib.
455 1967 476 2008 I
515 1983 556 2022 p.
589 1970 672 2008 114
710 1968 780 2008 P.:
825 1969 993 2011 Accius
1024 1982 1191 2021 quoqne
1235 1969 1598 2009 didascalicormn

143 2056 284 2084 nono:
342 2043 458 2084 Nam
492 2058 617 2099 qaam
650 2048 776 2085 varia
805 2048 896 2084 sint
914 2058 1082 2099 genera
1102 2051 1427 2099 poematorum,
1462 2045 1599 2095 Boebi,

144 2133 354 2175 quamque
383 2122 511 2176 longe
544 2122 753 2162 distincta
785 2121 838 2162 ab
870 2123 998 2173 aliis,
1031 2135 1182 2171 nosce,·
1218 2122 1291 2164 ubi
1322 2122 1597 2164 scribendum

68 2238 72 2241 .
143 2207 233 2240 est:
293 2199 501 2239 distincta
534 2200 627 2240 alia
658 2198 711 2239 ab
741 2199 868 2247 aliis;
929 2199 1112 2242 alterum
1154 2201 1266 2256 apud
1308 2201 1491 2242 eundem
1533 2210 1599 2241 est

142 2275 220 2316 lib.
261 2275 303 2316 ΙΙ
350 2292 393 2333 p.
425 2277 528 2319 195:
591 2274 766 2317 Statim.
858 2277 1024 2318 Accius
1064 2282 1111 2318 in
1150 2278 1450 2320 didascalicon
1497 2279 1597 2320 IX:

153 2353 399 2410 Vectigalia
429 2356 628 2410 legerant
653 2360 799 2396 vestra
831 2361 877 2396 et
901 2361 1133 2397 servantur
1164 2361 1335 2406 stat-im3
1387 2371 1471 2412 pro
1510 2363 1598 2398 sla-

141 2438 234 2474 !uie
262 2439 306 2474 et
333 2418 547 2475 ondinale.
609 2433 717 2475 Vox
748 2434 953 2488 legerant*
979 2443 1181 2490 corrupta
1211 2443 1290 2477 est.
1347 2436 1596 2477 Priscianus

141 2510 327 2566 denique
357 2527 398 2567 p.
427 2514 511 2553 603
537 2511 585 2553 P.
615 2511 706 2553 haec
739 2511 894 2554 habet:
925 2514 1092 2556 Accius
1118 2517 1164 2554 in
1197 2513 1275 2555 IX
1298 2514 1597 2555 didascalicon

143 2592 313 2645 (graecis
340 2589 478 2630 literis
508 2591 714 2646 scriptum
749 2591 857 2644 est):
902 2597 947 2632 et
972 2590 1324 2647 magnificis-sime
1355 2593 1596 2633 excellissi-

140 2679 289 2722 meque
319 2667 506 2716 honore,·
564 2683 643 2724 pro
685 2668 840 2724 quibus
882 2668 1022 2711 Krehl
1063 2685 1087 2711 e
1119 2671 1241 2711 codd.
1274 2669 1407 2727 paulo
1441 2658 1597 2710 melius

141 2743 298 2787 edidit:
354 2746 702 2801 magnfficisetmi
730 2748 1020 2790 excelsissimi
1048 2747 1235 2801 honore,
1293 2756 1410 2790 recte
1451 2747 1592 2787 altero

144 2820 359 2865 adiectivo
395 2833 575 2868 mutato.
668 2825 754 2870 Sed
786 2834 941 2882 praeter
973 2826 1091 2880 haec,
1150 2841 1244 2885 qum
1278 2825 1530 2869 nominatim
1570 2838 1593 2866 e
