1981 3390
1440 205 1506 253 (33

122 329 164 367 in
205 334 286 368 sat.
336 325 399 368 Vl
446 339 486 366 v.
523 324 608 366 535
651 336 743 379 sqq.
844 322 1032 366 Versum
1072 325 1188 365 enim
1237 325 1321 365 538
1366 324 1447 375 (Et
1493 340 1574 365 mo-

119 409 232 446 visse
274 409 405 459 caput
435 406 532 444 visa
576 409 640 444 ese
676 407 887 457 argentea
927 404 1122 457 serpens)
1164 401 1462 457 superioribus
1503 404 1577 443 ad-

119 483 386 538 iungendum
437 495 561 532 esse,
615 488 662 521 ut
714 494 766 521 eo
818 481 1093 521 contineatur
1132 482 1321 535 portenti
1366 481 1573 535 expiandi

119 561 378 616 descriptio,
428 573 538 608 non,
594 567 641 599 ut
689 558 824 615 vulgo
872 558 1152 613 intelligunt,
1199 558 1268 599 dei
1317 558 1476 614 placati
1519 560 1576 598 si-

119 653 278 695 gnum,
308 646 428 695 patet
460 646 550 678 tum
583 652 636 678 ex
670 636 884 693 particula
918 643 973 687 et,
1017 645 1106 677 tum
1134 650 1194 677 cx
1228 636 1353 677 verbi
1382 646 1575 692 tempore

121 718 236 769 (visa
267 719 367 771 est),
400 725 490 757 tum
522 729 582 756 ex
616 729 684 766 eo,
718 716 830 770 quod
858 724 955 771 post
984 713 1064 756 illa
1093 716 1155 765 (v.
1176 715 1294 767 535.)
1357 716 1445 759 Ille
1460 719 1576 770 petit

121 800 317 845 veniam,
352 793 490 835 altera
536 808 706 848 quoque
743 796 982 844 sententia,
1026 806 1110 848 qua
1150 806 1327 847 precum
1361 793 1466 834 deos
1501 792 1577 834 fle-

122 875 330 916 ctentium
360 875 427 914 vis
457 870 755 928 significatur,
798 871 852 912 ab
897 872 1050 912 eodem
1088 872 1344 926 pronomine
1383 872 1576 926 incipere

122 951 252 993 debet
281 953 344 1001 (v.
371 951 476 990 539:
508 949 640 992 Illius
661 949 854 988 lacre'mae
885 948 1180 1003 ‘meditataque
1210 962 1428 989 murmura
1458 948 1576 1003 etc.).

122 1029 208 1072 Sed
247 1041 384 1083 prope
422 1026 679 1068 devenimus
718 1027 804 1067 iam
839 1026 892 1067 ad
936 1041 1016 1077 ea,
1059 1039 1154 1081 quae
1198 1027 1356 1067 criticae
1400 1027 1576 1082 propria

119 1105 272 1148 haberi
315 1103 459 1146 solent
502 1106 546 1145 in
592 1113 789 1146 veterum
831 1104 1004 1159 scriptis
1046 1105 1306 1156 tractandis,
1349 1119 1479 1159 quum
1521 1103 1574 1145 ab

117 1185 244 1226 initio
282 1184 328 1224 in
360 1183 674 1238 interpretandi
706 1197 863 1239 opera,
912 1196 1005 1238 quae
1050 1181 1186 1223 multo
1227 1184 1368 1239 magis
1414 1184 1457 1223 in
1508 1182 1576 1224 his

119 1263 266 1303 satiris
309 1260 556 1302 exercenda
598 1269 691 1311 est,
732 1275 810 1301 nos
854 1269 1106 1302 vei-saturos
1147 1262 1406 1302 dixerimus.
1469 1259 1578 1312 Nec,

123 1339 236 1396 quod
267 1337 438 1380 efficere
464 1338 734 1390 volebamus,
762 1338 892 1393 plane
919 1340 1256 1393 praetermissum
1284 1338 1421 1380 ullum
1456 1340 1577 1381 vide-

119 1427 191 1469 tur
229 1419 494 1473 praecipuum
540 1431 689 1458 eorum
740 1431 934 1458 errorum
975 1431 1139 1471 genus,
1192 1431 1299 1472 quos
1346 1418 1390 1457 in
1431 1416 1577 1458 verbis

121 1496 436 1551 sententiisque
473 1503 614 1550 poetae
657 1494 911 1536 enarrandis
955 1496 1166 1536 committi
1204 1493 1347 1536 solere
1385 1495 1577 1536 animad-

121 1575 330 1616 vertimus
349 1572 404 1626 ¹).

597 1863 1100 1952 Epimetrum

202 2010 275 2063 de
316 2007 546 2062 Horatii
597 2007 786 2060 satirae
827 2007 1092 2060 secundae
1149 2006 1285 2059 libri
1328 2008 1499 2080 primi

658 2120 830 2158 versu
869 2102 945 2159 25
970 2101 1041 2173 2).

132 2308 326 2427 Quum
358 2355 413 2397 ad
455 2370 532 2407 ea,
572 2369 667 2412 quae
705 2355 760 2397 de
791 2355 1015 2400 Iuvenalis
1047 2357 1212 2416 aliquot
1243 2357 1352 2400 locis
1394 2359 1579 2414 scripse-

126 2450 242 2486 ram,
280 2449 406 2477 novae
439 2435 643 2477 editionis
675 2449 809 2477 causa
839 2434 1077 2493 relegenda
1108 2437 1396 2494 aggrederer,
1427 2451 1578 2479 recens

127 2529 154 2555 a
185 2512 362 2569 publica
397 2513 572 2555 Horatii
602 2514 833 2555 satirarum
865 2518 1167 2569 enarratione,
1211 2515 1489 2565 occurrebat,
1523 2516 1576 2557 ad

128 2607 207 2644 ea,
257 2605 352 2649 quae
394 2591 448 2633 de
493 2593 710 2646 pravitate
752 2593 938 2649 quadam
984 2593 1185 2651 obliquas
1233 2592 1576 2650 significationes

154 2708 193 2752 ¹)
219 2709 291 2753 [De
315 2707 402 2743 aliis
426 2707 614 2742 luvenalis
634 2707 727 2744 locis
745 2709 943 2757 disputabo
959 2712 1119 2748 sortasse
1141 2710 1258 2747 simili
1275 2710 1384 2747 modo
1399 2709 1576 2755 posthum

218 2769 380 2805 materia
404 2773 505 2805 certe
531 2770 691 2808 collecta
716 2771 802 2817 est]

154 2828 194 2870 ²)
219 2828 302 2865 Non
327 2834 438 2869 antea
460 2830 613 2868 editum.
