1981 3390
1437 206 1533 254 517

271 328 482 368 Extremo
524 327 664 379 capite
705 337 763 363 ex
818 323 938 370 Par„
992 321 1146 371 Rern„
1194 323 1282 362 ΕΗΖ
1327 324 1601 365 scribendum

150 412 233 445 est:
265 408 440 458 grula'ae
471 402 556 443 uba·
589 413 722 455 agere
755 398 912 448 debeo,
945 399 1060 453 quod
1090 412 1152 439 me
1181 398 1599 447 ea:for-liss-immune

150 485 306 522 ce‘m'u‘m
328 492 500 521 numero
534 477 842 530 seiungendum
874 490 955 516 uon
985 480 1164 530 palas-ll.
1229 476 1372 525 Quum
1397 477 1600 517 mendose

148 560 353 612 scriptum
385 564 497 596 esset
525 561 655 609 putus
687 555 751 611 (ut
785 556 827 594 in
865 556 1052 608 quinque
1088 553 1276 605 Oxou.),
1309 567 1444 608 pravo
1480 552 1601 592 verbi

149 642 343 688 tempore
375 634 567 674 offensus
591 632 731 672 editor
761 631 919 686 aliquis
946 635 1118 684 palm-is·
1144 632 1345 671 correxit.
1412 629 1601 670 Coniun-

150 712 255 752 ctivi
295 725 425 752 causa
466 709 587 751 nulla
621 717 699 748 ost.
774 709 886 749 Mox
929 708 1108 748 meliore
1151 709 1299 748 ordine
1339 710 1381 747 in
1418 708 1515 748 Par.
1559 716 1602 747 ct

152 788 243 828 Erf.
278 796 343 828 est
387 793 485 828 tuus
517 788 594 827 ille
633 792 780 826 lautas
814 801 891 840 pro
934 787 1012 826 ille
1052 791 1150 825 tems
1188 791 1335 825 {centus
1376 788 1603 840 (sequente

148 863 448 913 substantivo;
488 863 614 904 aliter
658 863 932 905 iudicandum
972 871 1063 903 erat
1105 876 1234 916 supra
1278 864 1318 912 1,
1360 863 1399 910 1,
1446 876 1603 917 praecc-

149 941 311 991 deute).

269 1016 318 1057 C.
335 1018 404 1066 11,
435 1018 491 1056 26
512 1015 724 1066 Orellius,
755 1014 1036 1056 Garatonium
1068 1028 1270 1069 sequens,
1296 1014 1445 1064 edidit,
1478 1028 1602 1055 revo-

149 1101 245 1135 cata
278 1092 414 1134 luntae
445 1102 488 1134 et
514 1093 619 1134 Aldi
650 1093 860 1134 lectione:
896 1093 1271 1146 pro.7mlgurc'sne‚
1317 1095 1604 1145 impurissime

149 1176 194 1211 et
216 1170 512 1224 perditissime
544 1169 704 1220 hostis,
746 1174 1021 1225 q.¹coesle'onem
1063 1170 1116 1209 de
1160 1175 1222 1209 lot
1255 1170 1529 1221 ample'ssc'zm's
1562 1175 1602 1208 el

147 1247 310 1289 talibus
343 1251 479 1296 viris,
524 1248 667 1288 indica·
704 1248 740 1288 V
740 1251 843 1288 elle’o
879 1251 1062 1301 prceme'a
1098 1247 1376 1299 ampliss-cnm.
1441 1247 1526 1287 Sed
1558 1247 1602 1286 in

148 1324 349 1365 omnibus
381 1323 628 1375 codicibus,
671 1339 850 1380 quorum
891 1324 1036 1379 aliqua
1075 1332 1139 1364 est
1172 1325 1431 1373 auctoritas,
1471 1323 1603 1373 (Para,

149 1403 194 1443 S.
225 1402 370 1451 vict„
398 1401 516 1452 Erf„
543 1403 636 1442 sine
671 1401 802 1442 dubio
833 1403 963 1441 etiam
997 1399 1243 1450 Beruensi,)
1283 1408 1348 1440 est
1380 1400 1604 1449 z‘mlc'cimn,

149 1493 208 1519 ex
240 1493 324 1533 quo
357 1486 498 1518 ortum
535 1486 600 1518 est
633 1480 763 1519 etiam
795 1479 1129 1532 depravatorum
1160 1478 1361 1518 mendum
1394 1476 1603 1517 indicium

147 1559 228 1597 mei
266 1555 422 1598 Vettio.
495 1554 550 1594 Et
582 1555 725 1597 indice?
755 1569 929 1610 prorsus
966 1553 1232 1608 superfluum
1274 1563 1362 1605 est,
1406 1562 1479 1604 ut,
1524 1553 1603 1593 illo

147 1634 317 1687 posito,
350 1646 507 1673 nomen
535 1633 778 1686 proprium,
814 1633 923 1686 quod
957 1639 1072 1671 certe
1100 1633 1295 1686 praeponi
1328 1629 1529 1680 debebat,
1561 1631 1604 1669 in

149 1710 442 1764 suspicionem
473 1708 627 1748 adduci
651 1711 803 1762 possit.
860 1708 1056 1748 Alteram
1081 1708 1312 1749 lectionem
1343 1706 1606 1748 Garatonius

149 1787 252 1827 ferri
273 1799 400 1840 posse
422 1792 567 1839 negat,
597 1785 726 1840 quod,
744 1784 904 1825 indicio
929 1786 1013 1824 iam
1041 1784 1217 1836 accepto
1249 1792 1290 1824 et
1322 1785 1417 1838 ipsa
1437 1784 1606 1824 Vatinii

148 1863 249 1919 lege
291 1862 598 1918 comprobato,
632 1863 731 1903 data
770 1864 899 1902 etiam
940 1871 1039 1902 ante
1074 1876 1099 1902 a
1129 1869 1280 1901 senatu
1313 1859 1398 1900 fide
1429 1859 1603 1914 publica

147 1941 303 1995 (Epist.
332 1940 385 1980 ad
411 1939 544 1980 Attic.
575 1940 674 1992 24),
719 1953 803 1979 non
831 1941 1019 1994 potuerit
1052 1953 1162 1978 nunc
1194 1938 1364 1978 demum
1394 1936 1473 1977 illa
1506 1936 1604 1990 lege

148 2018 352 2058 indicium
371 2046 382 2066 ,
413 2017 456 2057 id
487 2025 577 2066 est,
607 2017 825 2057 indicandi
858 2025 1050 2071 potestas
1081 2017 1267 2056 decerni.
1325 2014 1491 2054 Verum
1520 2014 1606 2066 pri-

150 2109 265 2139 luum
299 2094 408 2136 illud
443 2094 494 2134 de
526 2092 611 2134 fide
638 2093 815 2146 publica
848 2095 948 2134 data
977 2093 1135 2134 fulsum
1167 2102 1246 2133 est.
1309 2090 1420 2131 Nam
1451 2092 1493 2130 in
1527 2089 1605 2129 illa

148 2171 361 2227 epistola,
404 2172 442 2210 si
486 2185 630 2211 veram
665 2173 886 2225 sequimur
919 2172 1079 2211 codicis
1113 2169 1300 2211 Medicei
1336 2170 1606 2222 scripturam,

153 2257 311 2303 negata
350 2248 506 2288 dicitur
548 2250 587 2288 ei
633 2247 740 2289 fides
775 2247 949 2302 publica
988 2249 1286 2298 (reclamatum
1327 2251 1415 2297 εει,-
1460 2246 1604 2298 inepte

149 2326 366 2366 diceretur
393 2324 512 2366 haud
535 2326 813 2365 reclamatum
838 2339 914 2380 pro
944 2326 1050 2366 dala
1072 2328 1171 2377 est).
1228 2324 1281 2364 Et
1299 2332 1443 2364 tamen
1462 2323 1607 2362 onmia

151 2403 367 2449 narravit3
413 2410 506 2442 erat
548 2403 662 2442 enim
707 2402 759 2441 ad
805 2416 900 2442 eum
942 2416 1031 2441 rem
1071 2403 1253 2456 pecunia
1296 2410 1339 2441 et
1381 2400 1606 2455 promissis

151 2479 402 2520 conductus.
467 2478 636 2520 Deinde
671 2479 782 2534 apud
818 2478 1037 2519 Romanos
1070 2479 1257 2518 nondum
1290 2477 1499 2517 indictum
1531 2475 1604 2514 ha-

154 2554 308 2604 bebut,
339 2556 411 2608 qui
442 2564 718 2605 narraverat,
749 2569 1014 2610 qum-cunque
1056 2563 1204 2603 norat,
1240 2554 1314 2592 sed
1348 2554 1384 2592 is
1418 2553 1604 2601 demum,

153 2633 274 2672 cuius
308 2631 498 2672 narratio
528 2639 574 2670 ut
604 2630 775 2685 publice
804 2634 1095 2686 susciperetur
1135 2632 1260 2684 cique
1303 2644 1354 2669 ea
1388 2643 1456 2669 res
1492 2628 1604 2668 bono

153 2717 269 2751 esset
301 2716 343 2748 et
372 2707 425 2748 ad
454 2721 638 2759 poenam
668 2709 887 2748 vitandam
923 2718 964 2749 et
998 2709 1047 2749 ad
1086 2708 1258 2763 praemia
1289 2704 1606 2760 consequenda,

154 2785 374 2827 decretum
408 2792 514 2826 erat.
573 2783 620 2825 Id
657 2787 700 2825 in
733 2785 882 2827 Vettio
915 2786 1074 2828 factum
1112 2784 1300 2825 nondum
1334 2790 1450 2831 erat,
1485 2783 1604 2822 cuius
