1981 3390
0 1637 7 2128 W->Q———0
2 1607 6 1623 ›-
3 1469 8 1593 -..φ-,-

1493 261 1592 310 413

212 380 263 420 ad
292 380 588 428 Vatinianam,
618 386 665 419 ut
686 377 739 418 de
759 390 809 419 ea
830 376 937 418 nibil
961 389 1068 431 opus
1099 378 1155 418 sit
1184 379 1387 419 universe
1418 379 1502 421 dici
1529 391 1656 437 atque

211 457 262 496 ad
306 457 479 511 singula
511 456 655 495 statim
686 455 835 495 venire
864 454 1006 503 liceat,
1037 454 1110 494 sed
1144 454 1196 494 ad
1230 453 1481 497 Caelianam
1511 459 1656 509 etiam,

211 534 331 573 cuius
365 546 500 585 nuper
527 529 725 584 singulos
759 529 877 570 locos
911 531 1251 571 emendavimus.

331 608 367 648 A
413 607 592 662 reliquis
641 606 840 647 omnibus
875 609 1083 647 orationis
1128 620 1204 661 pro
1247 608 1390 649 Sestio
1434 608 1654 651 codicibus

207 684 504 737 segregandus
538 692 602 723 est
633 692 674 724 et
709 686 753 724 in
784 696 861 722 sua
892 682 1058 723 familia
1092 685 1315 737 ponendus
1351 685 1656 741 palimpsestus

207 759 283 799 ille
327 758 591 810 Vaticanus,
633 774 656 800 e
698 775 779 814 quo
813 759 867 799 A.
902 759 1046 799 Maius
1087 761 1381 801 commentarii
1415 765 1580 817 antiqui
1610 766 1654 804 in

206 835 314 876 hanc
352 838 591 877 orationem
634 845 675 876 ct
717 837 826 876 alias
877 836 1132 886 nonnullas,
1186 838 1315 877 etiam
1361 837 1654 892 Vatinianam‚

207 921 349 964 partes
382 913 538 963 edidit,
579 912 732 967 quibus
773 912 842 952 hic
883 912 974 952 illic
1008 913 1337 966 interponuntur
1368 915 1502 965 ipsius
1531 915 1654 957 Cice-

205 990 323 1029 ronis
356 988 503 1029 verba.
561 988 603 1028 Is
638 997 680 1027 et
715 996 929 1027 vetustate
971 996 1137 1027 ceteros
1178 997 1353 1043 superat
1392 997 1434 1029 et
1474 992 1654 1047 integri-

205 1074 316 1115 tate,
351 1074 396 1104 ut
424 1067 496 1119 qui
525 1063 643 1103 solus
677 1063 841 1117 aliquot
881 1063 988 1103 locis
1032 1065 1262 1105 manifesto
1298 1079 1443 1106 veram
1473 1070 1654 1121 scriptu-

202 1155 294 1182 ram
337 1140 520 1189 habeat,
568 1154 721 1194 quam,
762 1141 805 1179 in
848 1141 1002 1180 ceteris
1044 1139 1342 1191 obliteratam,
1386 1145 1541 1197 partim
1570 1147 1654 1186 viri

202 1218 316 1257 docti
356 1219 602 1257 coniectura
646 1224 896 1271 repererant
939 1217 1093 1270 partim
1131 1231 1215 1257 non
1255 1227 1486 1272 potuerant
1525 1223 1654 1262 attin-

202 1308 322 1349 gere,
353 1293 474 1333 velut
504 1308 538 1333 c.
567 1295 609 1343 5,
640 1295 693 1332 12
709 1292 912 1340 fortasse
945 1307 1020 1347 pro
1037 1292 1267 1343 fortassis,
1311 1296 1442 1349 (quod
1477 1296 1650 1339 Cicero-

203 1372 377 1410 nianum
410 1383 493 1409 non
528 1383 649 1418 esse,
693 1378 808 1409 recte
845 1370 1031 1409 ostendit
1068 1368 1271 1410 Ix'lotzius
1305 1372 1349 1411 in
1381 1372 1528 1413 Jahnii
1558 1373 1650 1415 An-

202 1445 306 1486 nall.
342 1445 502 1486 Philol.
537 1445 834 1500 Supplement.
882 1445 970 1485 vol.
1013 1445 1070 1486 II.
1106 1447 1211 1487 fasc.
1244 1447 1278 1487 I.
1310 1462 1351 1500 p.
1383 1450 1478 1499 64),
1523 1451 1565 1500 ’7,
1598 1453 1657 1493 16,

194 1521 406 1575 putabat,
449 1530 494 1560 ut
528 1520 676 1561 Garat.
709 1522 975 1570 coniecerat,
1021 1537 1098 1576 pro
1137 1527 1358 1576 palm-ely,
1399 1527 1450 1574 8,
1493 1527 1570 1576 18,
1605 1527 1652 1577 (a

201 1597 367 1653 quibus,
399 1606 445 1636 ut
467 1598 709 1637 coniecerat
730 1597 1018 1648 Hotomanus,
1047 1614 1122 1653 pro
1142 1600 1309 1652 atque),
1344 1601 1411 1649 13,
1441 1602 1496 1640 30
1520 1601 1656 1653 (socii

200 1680 245 1714 et
271 1674 451 1724 Lale'm‘,
483 1674 595 1728 quod
628 1688 710 1729 ego
740 1673 1014 1714 scribendum
1047 1675 1271 1725 dixeram,
1315 1690 1388 1730 pro
1428 1680 1539 1716 socia·
1562 1676 1653 1717 L‘a-

200 1754 321 1802 tini),
353 1752 418 1798 19,
444 1751 499 1789 43
532 1751 727 1805 (quidam
761 1765 837 1805 pro
871 1751 1077 1805 quidem),
1108 1752 1178 1801 57,
1210 1754 1292 1792 122
1319 1754 1545 1803 (immunes
1574 1767 1651 1808 pro

199 1826 392 1878 inanes),
424 1827 616 1866 maxime
646 1840 749 1866 vero
779 1841 814 1866 c.
832 1828 873 1876 3,
902 1829 944 1876 8,
977 1826 1237 1879 ubi‘verba:
1268 1829 1314 1868 P.
1343 1827 1525 1879 Sestius,
1559 1843 1650 1869 cnm

201 1909 312 1942 esset
344 1916 435 1942 cum
466 1902 635 1955 collega
665 1915 779 1950 meO,
810 1906 996 1941 senserit
1025 1904 1068 1942 in
1108 1903 1286 1958 reliquis
1322 1904 1443 1944 codd.
1476 1904 1651 1944 excide·

200 1988 311 2020 rant.
386 1977 497 2018 Nam
544 1977 689 2018 addita
728 1979 772 2018 in
807 1978 1020 2018 Vaticano
1068 1978 1210 2019 aliena
1258 1993 1386 2019 manu
1427 1994 1522 2020 esse
1565 1995 1650 2020 nou

199 2063 406 2108 possunt,
452 2069 581 2109 quum
622 2054 741 2094 nulla
778 2069 953 2108 prorsus
985 2055 1166 2095 addendi
1207 2069 1337 2095 eausa
1367 2054 1474 2110 fingi
1509 2066 1651 2111 queat.

199 2132 350 2186 Itaque
383 2131 452 2171 hic
486 2131 626 2170 codex
659 2132 931 2171 consentiens
964 2145 1060 2171 cum
1102 2133 1349 2172 testimonio
1384 2132 1648 2186 reliquorum

199 2208 374 2248 aliunde
408 2209 620 2262 originem
653 2207 898 2247 ducentium
943 2209 1059 2261 (nam
1091 2210 1136 2248 in
1176 2222 1227 2248 eo
1261 2216 1426 2248 tantum
1462 2209 1650 2249 scholio-

199 2299 292 2325 rum
327 2284 530 2325 lemmata
560 2285 716 2334 erant,)
745 2298 961 2325 summam
984 2284 1130 2335 habet,
1164 2293 1206 2325 et
1239 2299 1263 2324 a
1295 2299 1377 2339 qua
1403 2287 1482 2325 vix
1512 2285 1650 2326 disce-

199 2360 461 2411 dereliceat,
490 2363 804 2401 auctoritatem.
864 2360 1134 2415 Quamquam
1160 2360 1366 2402 affirmari
1391 2364 1552 2416 nequit,
1570 2376 1650 2402 nec

199 2451 300 2478 casu
332 2438 491 2477 sactum
525 2451 712 2491 unquam
755 2451 874 2486 esse,
908 2446 955 2476 ut
996 2436 1225 2492 utrobique
1269 2437 1424 2477 similis
1465 2440 1650 2480 oriretur

199 2527 344 2563 error,
378 2527 455 2553 nec
497 2515 540 2553 in
582 2515 825 2568 antiquiore
870 2521 912 2553 et
953 2515 1169 2554 communi
1212 2514 1331 2554 fonte
1363 2529 1552 2555 errorem
1586 2516 1651 2554 in·

200 2588 361 2628 haerere
395 2590 601 2642 potuisse.
667 2589 717 2629 In
763 2589 842 2629 hac
882 2597 998 2629 certe
1041 2592 1236 2630 oratione
1277 2590 1398 2630 nulla
1438 2599 1503 2629 est
1538 2591 1651 2629 eius-

198 2664 315 2704 modi
355 2665 615 2717 suspicionis
661 2679 804 2706 causa.
876 2665 915 2706 A
961 2667 1115 2706 ceteris
1162 2675 1305 2706 autem
1346 2666 1570 2705 discedens
1608 2672 1651 2704 et

199 2754 309 2781 unus
337 2741 412 2780 uni
447 2740 512 2793 (ut
545 2742 691 2781 statim
724 2741 968 2796 apparebit)
998 2741 1263 2797 reliquorum
1295 2742 1542 2782 testimonio
1576 2754 1650 2792 op-

198 2819 365 2871 positus
400 2815 529 2858 habet
572 2814 736 2870 aliquid
777 2818 983 2872 praecipui
1016 2831 1074 2858 ex
1112 2819 1392 2874 antiquitate,
1441 2831 1569 2872 quum
1607 2825 1650 2857 et
