1981 3390
453 233 551 281 342

387 352 573 406 primum
603 349 774 391 videtur
806 351 928 392 locus
971 353 1015 392 in
1058 352 1238 407 append.
1278 352 1386 407 disp.
1429 353 1482 392 de
1510 353 1670 397 Ascon,
1701 367 1744 407 p.
1773 355 1830 395 84

389 434 624 477 tractatus,
672 426 771 468 Lib.
811 427 880 477 II,
928 430 981 478 6,
1022 430 1090 479 17,
1143 428 1218 469 ubi
1259 443 1336 483 pro
1376 427 1523 469 verbis
1564 429 1832 470 incommode

392 503 572 543 adiectis
605 503 671 553 (m
705 501 923 555 Siciliam)
956 511 1111 557 praeter
1139 503 1312 546 Metelli
1341 505 1530 546 codicem
1566 507 1694 546 etiam
1725 505 1836 547 alter

391 579 437 618 in
463 578 544 618 hoc
568 577 680 618 libro
700 580 914 632 princepS,
945 579 1358 633 Lagomarsinianus
1388 583 1456 630 42,
1491 580 1659 622 Soe'ct‘le‘oe
1690 580 1838 631 habet,

393 655 681 707 adscriptum,
715 661 759 692 ut
790 662 888 705 post
921 653 1186 695 Gulielmum
1217 657 1340 705 dixi,
1371 659 1629 711 praecedenti
1655 661 1836 711 provin-

396 734 484 771 cioe.
546 730 657 770 Dixi
686 743 816 784 supra
849 728 901 770 de
928 729 1027 770 Act.
1060 730 1079 770 Ι
1112 745 1148 771 c.
1174 733 1245 781 Δ18,
1279 733 1348 772 55.
1411 730 1503 773 Nec
1530 747 1706 788 possum
1734 734 1837 788 quin

393 808 438 846 in
469 821 520 847 ea
549 820 825 862 permaneam
865 809 1106 857 sententia,
1149 822 1276 862 quam
1315 809 1359 847 in
1398 807 1478 848 illo
1520 808 1670 849 libello
1711 823 1753 863 p.
1781 811 1837 850 33

394 885 536 937 posui,
568 884 613 922 in
639 882 738 923 Act.
768 883 802 932 Ι,
836 885 904 933 18,
933 884 988 923 53
1021 885 1334 925 nominativum
1351 885 1608 939 pendentem
1640 883 1840 937 (Sicula),

393 972 483 999 non
514 960 803 1013 interpositis,
836 973 929 1014 quae
965 967 1222 1000 structuram
1254 959 1577 1013 perturbarent,
1610 961 1686 1001 sed
1718 974 1843 1002 accu-

397 1037 613 1077 ratissime
652 1034 838 1076 relativa
880 1044 922 1075 et
953 1036 1290 1076 demonstrativa
1329 1039 1553 1077 sententiae
1585 1045 1706 1091 parte
1739 1051 1842 1077 con-

396 1112 596 1162 formata,
622 1125 648 1152 a
678 1110 886 1152 Cicerone
917 1112 1158 1165 profectum
1183 1126 1268 1152 non
1300 1125 1409 1162 esse,
1442 1127 1570 1168 quum
1603 1115 1842 1168 praesertim

396 1188 615 1230 rhetorico
669 1187 853 1228 artificio
909 1196 1145 1242 repugnet,
1199 1190 1282 1228 etsi
1330 1188 1458 1229 video
1502 1189 1750 1243 Zumptium
1792 1203 1844 1230 eo

399 1265 604 1317 exemplo
636 1273 827 1305 utentem
861 1264 913 1304 ad
948 1263 1034 1314 ΙΙΙ,
1066 1266 1149 1314 71,
1179 1265 1274 1304 165.
1329 1263 1441 1305 Nam
1470 1263 1684 1315 Bremius,
1716 1279 1843 1320 quem

400 1343 529 1392 citat,
559 1340 687 1381 huius
718 1342 892 1395 generis
923 1340 1043 1381 nulla
1070 1340 1214 1381 habet.
1278 1339 1577 1383 certissimum
1603 1343 1732 1382 etiam
1762 1351 1843 1393 est,

400 1418 452 1458 de
495 1431 578 1473 quo
615 1419 662 1457 in
703 1417 860 1471 disput.
893 1417 945 1457 de
987 1417 1148 1458 Ascon.
1190 1432 1233 1472 p.
1277 1419 1358 1457 1⁰2
1401 1417 1524 1468 dixi,
1576 1433 1634 1459 ex
1663 1417 1845 1459 Asconii

401 1494 696 1544 adnotatione,
725 1508 805 1533 nec
837 1502 1002 1533 tantum
1030 1508 1088 1534 ex
1105 1494 1306 1534 lemmate
1327 1495 1632 1545 adnotationis,
1664 1494 1717 1535 ad
1742 1493 1841 1535 Lib.

400 1570 444 1620 I,
476 1572 555 1620 34,
600 1572 670 1621 87,
725 1585 852 1625 quam
897 1571 1123 1625 Zumptius
1167 1585 1220 1611 ne
1264 1572 1615 1611 commemoravit
1657 1570 1844 1625 quidem,

399 1655 574 1702 patere,
616 1648 661 1686 in
705 1648 798 1686 eius
831 1647 976 1687 codice
1009 1647 1143 1687 fuisse
1176 1655 1339 1687 tantum
1370 1661 1397 1686 a
1426 1645 1593 1687 Dianio
1626 1647 1686 1687 ad
1716 1644 1847 1687 Sino-

398 1737 524 1777 pam,
568 1721 644 1762 ubi
691 1723 830 1763 editur
874 1704 1123 1773 a'Dc‘ccm'o,
1168 1723 1282 1777 qnod
1318 1726 1364 1763 in
1397 1722 1617 1777 Hispania
1661 1727 1744 1773 est,
1789 1723 1849 1764 ad

404 1797 626 1852 Sinopam,
658 1812 748 1853 quoe
776 1803 822 1839 ίιι
847 1800 983 1839 Ponto
1011 1805 1087 1840 est.
1150 1798 1257 1849 Iam,
1287 1800 1645 1855 quemadmodum
1666 1808 1846 1855 utraque

402 1877 618 1916 sententia
659 1877 863 1916 excidere
903 1877 1113 1931 potuerit,
1154 1876 1291 1916 multo
1333 1875 1552 1916 difficilius
1585 1875 1847 1930 explicatur,

404 1966 531 2006 qnam
575 1953 929 2007 quemadmodum
973 1953 1084 1992 addi.
1163 1954 1211 1994 Si
1244 1952 1397 1994 Cicero
1430 1953 1672 1994 adiectione
1702 1951 1849 2007 aliqua

403 2030 617 2070 distantiae
661 2028 854 2070 locorum
902 2031 1154 2070 memoriam
1202 2031 1346 2071 animo
1393 2029 1581 2070 obiicere
1624 2027 1850 2078 voluisset,

403 2105 678 2159 gravioribus
700 2105 857 2155 verbis,
892 2120 977 2146 non
998 2115 1083 2146 tam
1104 2106 1216 2146 exili
1232 2090 1518 2162 repetitione,
1536 2119 1641 2145 usus
1657 2112 1771 2145 esset
1793 2103 1848 2158 ¹).

402 2182 453 2221 In
486 2182 584 2222 Act.
617 2181 652 2232 Ι,
682 2184 749 2232 13,
783 2184 838 2223 38
868 2180 992 2223 nemo
1027 2183 1118 2223 fere
1154 2193 1250 2238 post
1282 2183 1500 2224 Graevium
1531 2181 1713 2232 dubitat,
1745 2181 1848 2236 quin

403 2259 687 2298 vitiosissima
724 2259 953 2299 verborum
988 2261 1273 2301 redundantia
1304 2261 1413 2312 (tum
1442 2260 1645 2299 universe
1681 2259 1726 2299 in
1753 2257 1850 2297 istis

403 2333 521 2374 nullo
563 2333 708 2374 iudice
746 2339 889 2388 equite
929 2336 1124 2375 Romano
1158 2337 1381 2381 iudicante
1413 2335 1592 2375 adiectis
1631 2341 1729 2389 post
1769 2331 1850 2374 illa

434 2505 471 2549 ²)
496 2504 784 2539 Memor-abilius
822 2504 976 2551 integrm
1009 2506 1197 2541 sententiae
1235 2519 1277 2541 ex
1312 2505 1580 2541 commentario
1609 2505 1707 2540 inter
1731 2505 1848 2540 verba

494 2565 684 2599 Ciceronis
731 2569 886 2610 reccptae
927 2566 1160 2610 exemplum,
1205 2567 1241 2601 in
1284 2578 1354 2612 quo
1390 2578 1487 2600 nunc
1521 2565 1660 2600 veritas
1696 2565 1850 2598 summis

494 2624 779 2659 auctoritatibus
807 2626 1073 2667 confirmatur,
1097 2638 1138 2660 cx
1162 2630 1255 2660 orat.
1284 2639 1349 2671 pro
1380 2627 1501 2660 Flacc.
1527 2626 1584 2667 20,
1612 2626 1658 2660 46
1682 2625 1788 2670 posui
1813 2625 1850 2659 in

492 2682 668 2727 disputat.
707 2686 752 2718 do
788 2686 905 2719 locor.
933 2684 1046 2729 aliqu.
1079 2690 1171 2720 orat.
1202 2687 1276 2721 Cic.
1315 2688 1458 2720 cmrud.
1497 2700 1531 2731 p.
1558 2686 1648 2727 148,
1685 2697 1732 2719 ne
1761 2685 1849 2729 quid

493 2743 616 2778 dicam
657 2745 703 2779 de
742 2745 933 2780 rhetorica
972 2746 1210 2782 adnotatione
1254 2748 1290 2783 in
1332 2747 1458 2782 munis
1507 2747 1609 2782 codd
1652 2748 1745 2781 orat.
1783 2757 1850 2790 pro

492 2803 640 2839 cluent.
671 2803 737 2848 22,
776 2804 832 2840 59.
