1981 3390
1460 293 1558 343 377

180 434 375 478 quoque,
404 427 451 460 ut
479 416 529 460 fit
559 418 604 458 in
635 415 718 457 hoc
747 425 932 471 genere,
963 425 1058 469 quoe
1092 420 1243 467 aperta
1271 415 1447 454 testium
1479 424 1626 455 aucto-

179 501 307 541 ritate
353 500 398 538 in
445 493 602 538 melius
640 493 798 534 mutari
836 505 922 532 non
961 499 1186 546 poterant,
1236 492 1437 546 vestigiis
1482 499 1627 531 tanuen

179 561 382 631 persequi
421 580 465 613 et
493 573 741 612 coniectura
772 582 924 611 verum
957 570 1173 624 reperire,
1222 569 1266 609 in
1296 567 1395 608 aliis
1430 581 1628 608 necessa-

180 655 246 694 rio
296 650 409 691 falsa
457 657 631 689 notasse
685 655 926 688 contentus.
1007 645 1154 701 Atque
1208 647 1331 686 initio
1384 644 1627 699 cogitabam

179 729 396 770 interdum
423 728 540 782 ipsas
573 728 791 767 orationes
823 725 950 764 edere
981 732 1024 764 et
1055 723 1404 764 emendationum
1437 724 1628 763 rationes

180 806 386 847 subiectis
419 804 739 845 commentariis
770 816 1018 857 exponere,
1048 800 1202 841 deinde
1235 809 1379 842 autem
1413 799 1538 855 plura
1570 813 1629 840 ex

182 883 315 925 simili
347 896 507 937 genere
539 881 787 922 adiumenta
811 880 931 933 prius
956 878 1339 932 circumspicienda
1357 877 1630 928 videbantur,

182 973 277 1016 quae
308 973 378 1000 res
417 957 671 1012 consiliique
716 957 943 996 exsecutio
976 955 1247 994 occasionem
1277 962 1318 993 et
1355 962 1525 1009 tempus
1558 968 1631 1007 op-

180 1046 413 1093 portunum
446 1032 743 1087 exspectabat.
806 1031 979 1072 Interea
1007 1031 1244 1072 intervenit
1278 1032 1520 1072 orationum
1553 1044 1631 1086 pro

183 1113 334 1154 Caelio
357 1121 399 1153 et
418 1127 495 1167 pro
512 1112 656 1154 Sestio
675 1109 806 1150 editio
823 1108 1065 1159 Orelliana,
1082 1109 1150 1149 cui
1165 1123 1299 1164 nuper
1316 1110 1497 1149 accessit
1520 1122 1634 1149 nova

182 1191 391 1231 orationis
422 1189 474 1229 de
504 1189 741 1245 provinciis
771 1185 1072 1227 consularibus
1101 1187 1320 1234 recensi03
1354 1188 1397 1226 in
1428 1201 1511 1242 qua
1543 1186 1634 1227 edi-

185 1269 303 1308 tione
323 1281 453 1323 quum
476 1267 544 1306 vir
562 1266 836 1306 doctissimus
855 1272 1012 1318 praeter
1035 1263 1204 1318 reliqua
1217 1263 1427 1314 subsidia,
1460 1263 1512 1304 ab
1536 1262 1635 1304 aliis

183 1344 400 1386 interdum
426 1342 627 1398 neglecta
656 1350 730 1383 aut
763 1355 856 1396 quae
884 1355 1023 1394 nuper
1055 1349 1342 1392 accesserant,
1374 1341 1427 1381 ad
1463 1340 1635 1382 Caelia-

186 1436 286 1462 nam
319 1420 628 1462 emendandam
660 1432 791 1474 quum
822 1420 963 1474 ipsum
993 1417 1117 1460 illum
1135 1418 1325 1460 codicem
1343 1418 1636 1460 parisiensem

187 1509 279 1540 tum
323 1499 430 1538 duos
470 1499 563 1538 eius
595 1495 788 1547 similes,
817 1495 1001 1536 alterum
1032 1510 1087 1536 ne
1125 1504 1251 1536 aetate
1292 1496 1464 1551 quidem
1504 1497 1637 1551 longe

184 1577 463 1624 inferiorem,
510 1571 783 1624 Bernenses,
837 1571 1132 1624 adhibuisset,
1183 1572 1237 1613 ad
1278 1573 1524 1615 Sestianam
1557 1574 1637 1615 hos

185 1651 453 1702 Beruenses,
484 1659 613 1706 atque
645 1652 690 1691 in
721 1648 801 1691 illa
830 1648 962 1705 longe
990 1649 1207 1705 plurima,
1236 1650 1280 1690 in
1313 1648 1394 1692 hac
1423 1650 1639 1707 permulta

188 1729 300 1771 bene
343 1729 629 1777 restituisset,
679 1727 880 1783 idemque
931 1741 1045 1768 nunc
1086 1728 1180 1768 sine
1226 1726 1359 1768 dubio
1401 1729 1553 1769 fecerit
1592 1730 1639 1770 in

182 1808 319 1848 tertia
348 1805 425 1846 illa
453 1807 663 1855 oratione,
698 1819 783 1845 non
817 1812 933 1856 erat,
964 1819 1040 1846 cur
1070 1812 1247 1860 propter
1277 1819 1355 1857 ea,
1386 1820 1478 1861 quae
1504 1815 1640 1848 resta-

188 1883 319 1935 bant,
365 1897 480 1923 nova
516 1882 649 1922 editio
685 1883 978 1937 susciperetur
1020 1872 1212 1936 ip'sarum
1248 1884 1517 1934 orationum,
1564 1883 1642 1924 sed

191 1961 304 2004 alius
345 1975 396 2002 ea
439 1961 484 2000 in
514 1958 655 1999 lucem
685 1958 935 2012 proferendi
964 1958 1116 1999 modus
1147 1958 1253 2013 eligi
1283 1958 1484 2000 debebat.
1546 1958 1640 2001 Nec

190 2038 473 2080 Vatinianam
514 2044 558 2076 et
598 2033 931 2086 cornelianam,
983 2049 1113 2090 quum
1155 2038 1390 2091 praesertim
1425 2036 1476 2077 ad
1511 2035 1640 2077 huius

192 2114 537 2157 emendationem
577 2115 718 2154 minus
760 2110 915 2168 profici
944 2121 1112 2168 posset,
1156 2127 1231 2169 per
1261 2127 1308 2154 se
1339 2114 1465 2154 edere
1499 2126 1640 2166 opera:

190 2193 375 2247 pretium
407 2190 648 2232 videbatur.
711 2190 823 2241 Sed,
861 2190 975 2244 quod
1000 2190 1121 2241 dixi,
1163 2199 1208 2230 ut
1237 2198 1512 2243 superessent
1543 2199 1642 2244 post

194 2269 352 2312 Orellii
383 2282 528 2308 curam
559 2267 671 2308 haud
701 2268 761 2307 ita
789 2281 946 2319 pauca,
981 2280 1074 2322 quae
1104 2267 1203 2308 addi
1230 2275 1421 2322 possent,
1454 2269 1638 2322 primum

193 2361 245 2388 eo
283 2347 442 2387 factum
475 2352 562 2394 est,
605 2344 717 2400 quod
762 2345 807 2384 in
853 2345 1053 2386 Sestiana
1095 2346 1452 2400 praestantissimo
1481 2344 1641 2385 codicis

191 2423 453 2466 Parisiensis
486 2423 549 2463 rei
587 2421 787 2477 gerendae
826 2421 1026 2474 praesidio
1058 2423 1219 2473 caruit,
1266 2422 1379 2477 quod
1404 2420 1642 2462 ‘Beruensi—

193 2500 274 2542 bus
308 2515 392 2542 non
421 2513 598 2553 prorsus
630 2500 916 2554 compensari,
961 2500 1067 2540 satis
1102 2512 1162 2540 ex
1205 2497 1414 2540 Caeliana
1451 2497 1642 2552 intelligi

191 2585 348 2633 potest.
413 2576 528 2617 Tum
563 2590 666 2618 vero
699 2590 786 2617 non
818 2575 959 2618 solum
994 2578 1046 2625 ⁴in
1089 2578 1167 2628 iis,
1210 2591 1303 2632 quae
1336 2577 1639 2616 auctoritatum

195 2653 366 2695 delectu
404 2656 621 2705 nituntur,
663 2655 824 2695 iudicia
863 2653 1028 2710 aliquot
1069 2656 1165 2694 eius
1204 2651 1449 2708 improbare
1494 2665 1640 2705 cogor,

197 2731 272 2773 sed
295 2731 501 2782 maxime,
531 2730 604 2772 ubi
631 2732 784 2772 menda
811 2740 884 2772 aut
914 2739 1063 2773 contra
1094 2731 1393 2772 auctoritatem
1421 2726 1642 2782 arguenda

198 2818 318 2850 erant
347 2817 443 2858 aut,
475 2809 558 2848 iam
593 2810 697 2849 satis
730 2809 924 2849 codicum
955 2809 1200 2850 testimonio
1236 2807 1448 2854 com-icta,
1479 2817 1537 2844 ex
1568 2802 1642 2844 ho-
