1981 3390
433 235 500 282 90

367 363 604 408 temporum
642 354 782 407 spatio
822 354 922 394 inde
954 367 979 394 a
1012 352 1140 395 Livio
1173 352 1422 394 Andronico
1455 352 1665 394 contineri
1696 357 1815 408 quasi

363 439 534 473 aetatum
566 432 886 479 successiones,
951 429 1107 486 quibus
1141 430 1369 471 admodum
1407 431 1580 471 diversa
1608 430 1740 470 fuerit
1766 430 1816 470 li·

364 518 551 551 terarum
580 509 734 549 forma.
815 507 900 549 Sed
935 510 1092 549 maturi
1126 508 1255 549 huius
1288 508 1542 549 eruditionis
1576 509 1707 549 studii
1738 521 1816 548 ex-

366 586 558 642 emplum
605 587 752 626 neseio
795 599 850 625 an
884 584 1050 626 nullum
1081 587 1137 626 sit
1170 585 1405 627 notabilius
1448 585 1647 641 quodque
1678 587 1816 646 magis

364 678 442 714 ea,
488 677 581 718 quae
613 663 737 712 dixi,
781 661 999 713 declaret,
1041 677 1195 717 quam,
1226 663 1279 703 de
1313 678 1396 718 quo
1431 663 1510 705 hoc
1540 662 1637 704 loco
1667 665 1816 718 paucis

361 742 576 782 disserere
621 740 849 788 constitui,
911 739 1024 794 quod
1061 739 1105 779 id
1134 740 1300 793 insigni
1328 754 1475 780 errore
1503 739 1704 781 nonnulli
1735 739 1816 781 tol-

363 819 455 860 lere
489 819 690 868 student,
737 817 789 858 L.
819 817 955 867 Attii,
1001 824 1141 873 poetae
1184 817 1366 872 tragici,
1413 817 1506 857 sine
1539 817 1670 858 dubio
1703 819 1816 858 inter

364 898 564 951 antiquos
595 895 806 951 ponendi,
862 897 984 937 cuius
1019 903 1213 950 tempore
1247 894 1438 935 nondum
1471 896 1618 949 poesis
1647 894 1815 936 Latinae

360 974 499 1015 forma
530 974 763 1014 constituta
793 982 912 1024 erat,
954 976 999 1014 in
1031 972 1178 1014 multis
1209 972 1442 1028 generibus
1472 974 1620 1013 tenuia
1648 981 1815 1014 tantum

359 1052 486 1092 initia
516 1051 702 1102 facta1).
765 1051 808 1092 Is
837 1052 951 1092 enim
982 1051 1282 1092 didascalicon
1314 1049 1451 1091 libros
1476 1052 1700 1106 scripsisse
1718 1059 1815 1110 ‘tra-

360 1130 498 1180 ditur,
541 1131 586 1169 in
618 1127 773 1183 quibus
804 1143 961 1169 nomen
994 1131 1136 1184 ipsum
1171 1137 1214 1169 et
1242 1128 1512 1183 fragmenta,
1555 1143 1649 1184 quae
1681 1128 1813 1184 paulo

358 1215 457 1262 post
486 1207 786 1261 proferentur,
830 1207 882 1247 de
919 1208 1043 1261 poesi
1076 1207 1247 1247 scenica
1280 1208 1459 1262 eiusque
1493 1206 1677 1247 historia
1719 1220 1814 1246 eru-

358 1283 446 1324 dite
477 1284 745 1339 disputatum
780 1297 876 1324 esse
911 1283 1164 1333 ostendunt,
1198 1284 1378 1334 mirum,
1408 1291 1456 1323 ut
1486 1283 1682 1333 videtur,
1710 1284 1815 1324 scri-

361 1360 491 1403 bendi
525 1375 664 1416 genus
686 1360 765 1401 illa
795 1369 920 1402 aetate
951 1360 1064 1416 apud
1096 1360 1331 1411 Romanos,
1367 1361 1556 1403 nondum
1586 1360 1815 1402 admodum

361 1439 543 1479 remotis
575 1452 714 1478 seenae
740 1440 892 1489 initiis,
926 1447 967 1479 et
996 1440 1040 1478 in
1072 1437 1152 1478 illo
1184 1437 1373 1489 homine,
1408 1440 1520 1494 quod
1554 1440 1666 1495 apud
1697 1438 1816 1479 (ἔνω-

357 1531 430 1557 eos
477 1531 504 1557 a
546 1517 718 1556 nemine
765 1525 992 1570 poetarum
1044 1517 1313 1557 scenicorum
1364 1525 1592 1558 tractatum
1637 1524 1726 1566 est,
1789 1530 1814 1556 a

357 1595 651 1652 grammaticis
704 1593 1022 1635 Alexandrinis
1074 1595 1326 1649 poetisqne,
1392 1596 1465 1649 qui
1517 1596 1669 1650 poesin
1716 1607 1814 1634 eum

354 1673 649 1729 grammaticis
691 1672 845 1712 studiis
893 1671 1238 1726 coniungebant,
1295 1671 1530 1727 diligenter
1571 1671 1811 1714 excultum.

355 1750 404 1792 Id
431 1751 543 1791 unde
577 1751 791 1805 originem
819 1758 862 1791 et
893 1754 1048 1791 n'omen
1078 1748 1279 1791 habuerit
1307 1759 1349 1790 et
1382 1750 1509 1805 quale
1537 1752 1683 1802 fuerit,
1713 1758 1812 1806 post

382 1938 420 1982 ι)
445 1938 501 1971 De
527 1938 639 1971 rebus
665 1938 758 1972 Attii
787 1938 884 1972 nihil
911 1943 984 1980 est,
1015 1938 1110 1983 quod
1138 1938 1280 1980 dicam3
1331 1950 1451 1984 neque
1478 1939 1575 1974 enim
1604 1938 1812 1973 refellenda

444 2003 499 2033 est
528 1998 652 2043 opinio
679 1999 843 2044 primum
870 2009 891 2032 a
914 1998 1050 2043 Baylio
1077 1998 1192 2042 (Dict.
1220 1999 1379 2044 critique
1402 2012 1430 2034 s.
1458 2012 1493 2034 v.
1522 2001 1673 2044 Accius)
1699 2000 1811 2039 iacta,

444 2071 557 2105 quam
594 2061 641 2094 ab
678 2061 757 2106 ipso
784 2072 885 2106 paene
912 2070 1081 2093 eversam
1110 2060 1176 2093 alii
1211 2060 1362 2106 quidam
1387 2065 1631 2103 rccoxerunt,
1678 2059 1812 2105 nuperi

445 2133 593 2167 quoque
627 2122 738 2156 lexici
763 2120 1032 2156 Foreelliniani
1068 2121 1228 2155 editores
1258 2122 1438 2155 Germani
1472 2123 1519 2156 ab
1545 2123 1641 2157 Italo
1677 2126 1810 2167 peten-

445 2182 532 2215 dam
559 2187 758 2226 putarunt,
801 2183 847 2216 de
874 2183 1018 2215 duobus
1045 2181 1154 2215 Attiis
1181 2182 1299 2226 poetis
1327 2194 1395 2227 pro
1425 2193 1490 2223 eo,
1532 2194 1643 2226 quem
1667 2185 1811 2216 veteres

446 2253 594 2286 semper
637 2243 860 2288 simpliciter
902 2243 943 2276 L.
981 2242 1126 2276 Attium
1170 2247 1320 2286 poetam
1359 2244 1573 2287 appellant,
1622 2242 1659 2276 in
1699 2253 1809 2287 quem

447 2303 573 2337 omnia
600 2303 741 2348 optime
767 2302 1003 2337 conveniunt.
1060 2303 1177 2336 Natus
1205 2307 1296 2344 erat,
1323 2306 1417 2336 teste
1440 2302 1688 2348 Hieronymo,
1710 2313 1745 2337 a.
1771 2314 1806 2337 u.

445 2378 475 2399 c.
502 2364 570 2399 584
599 2365 652 2408 (a.
679 2365 747 2399 Ch.
774 2363 843 2397 17⁰
867 2363 1043 2398 Mancino
1075 2367 1111 2397 ct
1138 2363 1300 2397 Serrano
1326 2363 1465 2407 coss.);
1513 2363 1652 2406 vitam,
1699 2367 1742 2398 ut
1766 2375 1808 2398 ex

446 2427 569 2460 Valet.
597 2426 695 2460 Max.
725 2425 791 2466 ΙΙΙ,
816 2425 852 2465 7,
878 2424 921 2457 11
949 2423 1195 2469 intelligitur,
1233 2436 1275 2458 eo
1303 2436 1419 2470 usque
1444 2425 1638 2470 produxit,
1676 2429 1718 2460 ut
1746 2425 1807 2459 Iu-

446 2488 536 2522 lium
565 2488 746 2520 Caesarem
776 2484 934 2526 viderit,
970 2497 1064 2526 non,
1102 2489 1142 2518 ut
1167 2484 1342 2530 imperite
1368 2491 1451 2531 post
1475 2486 1569 2520 alios
1598 2490 1706 2530 putat
1731 2487 1805 2520 Bo-

443 2550 508 2583 the
539 2549 709 2592 (Fragm.
740 2547 893 2592 Tragic.
921 2547 1002 2580 Lat.
1031 2546 1067 2579 in
1095 2547 1167 2579 vol.
1198 2548 1227 2579 V
1254 2548 1356 2581 Poct.
1390 2547 1496 2581 Scen.
1528 2547 1608 2580 Lat.
1650 2559 1685 2592 p.
1704 2547 1804 2590 157),

441 2609 675 2650 dictatorem,
700 2608 762 2642 sed
789 2609 828 2642 C.
859 2607 994 2641 lulium
1023 2607 1205 2642 Caesarem
1229 2608 1456 2642 Strabonem
1481 2608 1694 2652 Vopiscum,
1722 2618 1807 2642 orn·

443 2674 562 2704 torem
590 2674 626 2703 et
653 2673 803 2714 poetam
833 2668 1033 2714 tragicum,
1062 2670 1126 2713 qui
1156 2680 1188 2703 a.
1205 2680 1239 2704 u.
1256 2682 1289 2703 c.
1313 2670 1382 2703 667
1408 2669 1490 2713 (87)
1516 2668 1690 2702 aedilitias
1716 2680 1800 2712 pcr-

446 2731 498 2764 iit.
565 2729 767 2771 convenit,
818 2732 914 2774 quod
942 2729 1071 2763 Cicero
1107 2742 1146 2764 se
1184 2732 1459 2766 adolescentem
1486 2741 1570 2763 eum
1595 2741 1638 2763 eo
1663 2729 1794 2774 saepius

446 2791 674 2826 collocutum
700 2791 888 2837 significat
915 2792 1042 2835 (Brut.
1072 2790 1130 2831 28,
1155 2791 1256 2836 107),
1282 2796 1335 2833 ut,
1361 2791 1391 2826 si
1419 2802 1441 2826 a.
1465 2791 1643 2825 Cicerone
1668 2790 1803 2836 viginti

447 2864 561 2889 ‘innos
586 2856 673 2889 unto
700 2853 848 2889 unditus
878 2857 943 2892 est,
975 2854 1057 2898 plus
1083 2863 1196 2897 quam
1221 2853 1409 2899 octoginta
1438 2863 1551 2888 annos
1580 2851 1725 2886 vixerit.
