1981 3390
1469 253 1561 300 ²11

190 369 314 422 gines
344 369 544 408 distincte
579 376 619 407 et
644 380 738 407 cum
769 367 989 422 elegantia
1010 365 1193 421 quadam
1222 367 1466 411 elaboratas
1492 376 1636 414 animo

189 444 517 499 complectendi.
581 443 725 483 lIuius
758 445 892 499 igitur
925 445 1006 484 xii-i
1034 458 1190 498 opera,
1226 447 1321 499 qui,
1368 461 1498 501 quum
1529 453 1638 489 anti-

189 523 396 576 quissima
429 520 720 561 Romanorum
750 529 943 576 tempora
976 529 1194 572 tractaret,
1228 525 1368 564 omnis
1403 526 1511 573 cius,
1544 539 1637 578 quae

186 608 337 654 postea
371 599 468 647 suit,
500 599 562 638 rei
592 596 712 650 publ.
735 598 1013 639 fundamenta
1045 601 1205 655 attigit,
1238 609 1277 640 et
1310 600 1493 642 aliorum
1524 602 1637 642 idem

185 677 432 732 agentium,
478 684 524 715 ut
569 675 794 729 Sat-ignii‚
841 676 998 716 etl‘ccta
1032 686 1097 716 est
1128 692 1368 733 permagna
1409 681 1636 719 conversio

186 754 230 793 in
265 753 345 794 hac
377 754 647 807 antiquitatis
682 753 922 793 studiorum
954 763 1075 808 parte
1102 754 1369 810 multumque
1392 757 1486 795 sinc
1505 754 1636 796 dubio

185 831 425 884 profectum
470 830 522 870 ad
567 844 716 870 veram
756 839 953 871 naturam
996 833 1059 872 rei
1101 831 1285 886 publicae
1327 834 1545 887 totiusque
1573 833 1634 873 di-

188 907 381 963 sciplinae
430 906 636 948 Romanae
685 915 728 946 et
779 906 943 947 Italica}
994 907 1339 961 intelligendam.
1419 909 1639 950 Universa

185 994 329 1026 tamen
374 985 568 1025 doctrina
608 983 660 1023 ad
708 997 835 1032 eam,
889 991 937 1023 ut
980 985 1040 1023 ita
1083 984 1246 1034 dicam,
1301 987 1636 1027 concinnitatem

185 1063 497 1115 certioremque
527 1061 737 1109 formam,
782 1074 908 1115 quam
955 1063 1148 1102 maxime
1192 1062 1429 1103 desiderari
1467 1063 1634 1119 signifi-

184 1140 308 1190 cavi,
340 1138 448 1179 adeo
480 1151 566 1178 non
596 1138 778 1179 iudicari
809 1146 951 1193 potest
982 1139 1165 1180 adducta
1199 1153 1310 1190 esse,
1340 1148 1386 1180 ut
1419 1140 1636 1183 interdum

184 1224 339 1273 praeter
369 1215 684 1256 dubitationem
725 1216 777 1256 de
811 1215 997 1270 singulis
1030 1215 1160 1257 rebus
1194 1219 1331 1259 maior
1372 1220 1503 1260 etiam
1535 1233 1634 1260 cou-

186 1295 301 1335 fusio
335 1301 377 1333 et
410 1293 699 1347 discrepantia
737 1294 972 1333 accessisse
1012 1294 1150 1334 videri
1187 1297 1346 1347 possit,
1399 1295 1498 1336 aliis
1537 1312 1635 1351 par-

189 1371 303 1412 tibus
336 1384 452 1410 nova
479 1370 653 1410 inducta
687 1370 848 1418 forma,
892 1371 935 1409 in
977 1369 1075 1410 aliis
1120 1374 1255 1412 veteri
1287 1374 1347 1412 ita
1379 1372 1555 1423 relicta,
1589 1384 1634 1413 ut

186 1462 339 1504 parum
359 1446 447 1487 illis
466 1448 743 1496 conveniant,
776 1446 934 1500 ubique
964 1461 1050 1487 non
1069 1450 1219 1502 paucis
1250 1450 1445 1504 vestigiis
1478 1450 1635 1503 prioris

183 1525 366 1566 rationis
398 1523 672 1564 manentibus
700 1525 754 1573 ¹).
817 1522 898 1563 Ille
918 1524 1033 1577 ipse,
1065 1539 1157 1579 quae
1177 1525 1267 1566 lta-c
1284 1526 1633 1566 studiamaximc

184 1609 443 1649 commorat,
495 1613 580 1639 non
614 1597 844 1649 absolvit,x
879 1601 990 1654 quod
1032 1602 1302 1651 instituerat,
1344 1616 1422 1642 nec
1452 1602 1635 1644 deduxit

183 1680 496 1732 disputationes
530 1690 630 1716 suas
661 1676 714 1717 ad
754 1675 890 1717 adulti
931 1686 974 1718 et
1005 1679 1184 1718 summis
1231 1678 1384 1731 opibus
1428 1678 1634 1733 pollentis

181 1757 353 1812 imperii
386 1764 604 1809 tempora,
655 1753 810 1808 quibus
841 1756 935 1808 ipsa
969 1756 1220 1809 magnitudo
1251 1770 1395 1797 rerunt
1426 1764 1467 1796 et
1499 1771 1629 1797 mem-

182 1832 357 1875 brorum
400 1834 444 1872 in
491 1846 624 1872 unum
667 1845 821 1886 corpus
862 1832 1468 1874 coalescentium=diversitas
1502 1848 1632 1888 qutun

182 1912 444 1952 mutationes
470 1909 881 1963 obscurationesque
906 1911 1095 1964 priorum
1115 1911 1408 1950 institutorum
1428 1910 1572 1950 attulit
1590 1918 1631 1949 et

183 1990 316 2029 miras
348 2001 463 2041 saepe
497 2001 647 2027 eorum
682 1985 981 2038 copulationes
1024 1995 1067 2025 et
1097 1987 1141 2025 in
1173 1986 1289 2026 aliud
1325 2000 1463 2040 genus
1495 1994 1631 2026 trans-

183 2063 398 2112 tationes,
434 2071 522 2102 tum
555 2075 668 2102 nova
699 2062 875 2101 addidit.
939 2060 1030 2101 Nec
1063 2075 1193 2111 sane,
1226 2064 1263 2101 si
1294 2062 1383 2102 lucc
1416 2064 1562 2103 onmia
1594 2065 1631 2103 is

185 2139 444 2195 complexus
477 2146 619 2187 esset,
650 2152 718 2177 res
752 2138 948 2177 confecta
981 2138 1148 2179 fuisset.
1214 2138 1481 2179 Permultum
1516 2141 1630 2180 enim

188 2215 336 2266 abest,
368 2223 415 2254 ut
448 2224 547 2263 aut,
591 2228 683 2269 quae
715 2216 776 2254 ita
808 2217 1112 2268 pertractavit,
1157 2224 1202 2254 ut
1235 2229 1349 2256 nova
1382 2225 1424 2256 et
1458 2219 1633 2270 propria

181 2294 420 2349 proferret,
477 2307 528 2332 ea
571 2294 715 2331 omnia
755 2300 828 2330 aut
873 2291 1002 2345 longe
1043 2293 1280 2332 maximam
1323 2301 1487 2347 partem
1515 2303 1631 2348 'pro-

183 2371 280 2412 bem
311 2384 464 2424 meque
498 2370 591 2408 eius
620 2369 866 2408 auctoritati
908 2369 1146 2422 mancipem
1191 2368 1359 2409 aliosve
1390 2371 1630 2424 mancipari

208 2478 245 2520 ²)
271 2478 354 2511 Hoc
381 2477 491 2520 quale
516 2474 583 2514 sit,
619 2474 784 2520 intelligi
811 2474 890 2508 scre
917 2479 1038 2519 potest
1071 2486 1113 2508 cx
1145 2476 1321 2510 Creuzcri
1347 2477 1510 2522 epitome
1535 2477 1629 2510 anti-

275 2536 462 2581 quitatum
487 2537 758 2576 Romanarum,
786 2547 863 2579 quae
890 2536 956 2569 etsi
989 2547 1060 2568 non
1088 2536 1205 2580 ipsam
1230 2536 1487 2572 institutorum
1516 2536 1631 2579 expli-

278 2596 487 2637 cationem,
525 2596 590 2628 sed
625 2595 853 2628 lincamenta
891 2600 929 2629 ct
963 2595 1160 2629 materiam
1188 2596 1374 2638 continet,
1409 2601 1450 2629 ut
1484 2596 1632 2639 iniquus

276 2655 345 2697 sit,
391 2655 454 2699 qui
484 2656 663 2690 Creuzcri
699 2656 745 2688 de
779 2655 937 2700 singulis
975 2656 1086 2689 rebus
1126 2655 1264 2690 iudicia
1293 2657 1344 2690 ibi
1371 2655 1490 2701 posita
1515 2659 1632 2699 putet.

277 2722 403 2751 tamen
431 2727 613 2760 apparere
641 2715 786 2750 videtur
816 2727 858 2749 cx
884 2716 964 2760 ipso
990 2715 1154 2751 uuntcrioe
1180 2728 1319 2762 genere
1342 2722 1376 2750 ct
1394 2714 1633 2759 dispositione

278 2788 478 2820 rerumque
513 2776 795 2821 qumrcndarum
827 2775 1188 2822 significationibus,
1211 2777 1330 2822 qualis
1360 2778 1481 2810 forma
1507 2775 1635 2808 sutura

277 2836 325 2870 sit
350 2836 461 2871 totius
488 2836 674 2870 doctrinm.

1302 2907 1364 2938 ΙΙ·
