1981 3390
397 257 495 306 386

328 377 475 417 forsan
505 376 702 417 videatur
738 376 797 417 acl
827 377 1118 431 occupandum
1158 377 1407 420 Massiliam
1447 380 1560 435 apud
1590 382 1773 423 eundem

327 452 544 494 Caesarem
585 452 635 493 B.
674 452 723 493 C.
764 453 810 504 I,
857 456 938 501 343
981 468 1130 495 verum
1168 454 1502 511 Oudendorpius
1546 457 1775 514 plerosque

324 529 456 572 MSS.
492 539 534 571 et
573 530 681 570 Edd.
726 539 831 571 vett.
870 531 1163 583 occupandam
1208 532 1368 574 habere
1410 534 1580 583 scribit;
1623 536 1675 576 ad
1709 535 1775 576 III

325 616 466 648 autem
501 606 550 647 Β.
595 605 648 646 G.
683 621 718 647 c.
752 608 807 646 14
838 606 973 659 vulgo
1009 609 1302 660 occupandum
1341 610 1409 650 hic
1450 611 1541 666 legi
1584 613 1774 663 adnotat,

324 685 397 724 scd
428 682 558 738 vulgo
591 691 755 723 tantum
787 690 829 723 et
843 682 1008 730 forsan
1038 685 1082 723 in
1112 698 1195 723 uno
1223 685 1446 741 alteroque
1474 687 1570 729 MS.
1601 704 1769 743 quoque

321 763 382 801 ita
415 759 560 800 scribi.
626 758 723 808 Quo
749 757 846 800 loco
877 759 987 814 quod
1018 759 1197 815 Apuleii
1227 762 1416 802 codicem
1444 765 1651 818 optimum
1673 765 1773 805 Flo-

319 838 537 877 rentinum
575 835 653 877 lib.
692 837 739 878 X
771 852 812 892 p.
845 838 928 897 222
959 836 1070 877 Pric.
1111 837 1169 877 {cd
1215 839 1526 892 explorandum
1570 854 1769 881 mansne-

320 915 510 954 tudc'nem
543 913 704 955 habere
730 915 926 967 scripsit,
956 914 1024 964 id,
1055 928 1185 969 quum
1217 914 1453 968 Apuleium
1483 915 1654 967 edebat,
1676 918 1770 974 ipse

319 993 584 1032 retractavit.
643 989 859 1031 Caesarem
889 999 1092 1046 sequatur
1114 991 1283 1042 Livius,
1315 994 1387 1047 qui
1417 994 1461 1034 in
1490 995 1545 1034 iis
1574 994 1770 1049 partibus

321 1070 491 1123 operis,
522 1081 614 1123 quae
645 1070 750 1109 satis
781 1069 836 1108 ad
869 1068 1037 1109 codices
1069 1078 1235 1110 exactae
1266 1078 1388 1120 sunt,
1421 1084 1591 1124 semper
1625 1072 1677 1112 ad
1705 1086 1773 1112 re-

318 1146 465 1201 gulam
495 1145 643 1186 scribit
665 1146 720 1196 1).
784 1143 897 1186 Nam
924 1145 1039 1195 VII,
1082 1146 1134 1196 5,
1172 1148 1201 1187 9
1230 1147 1290 1186 ud
1323 1148 1639 1188 conciliandum
1665 1162 1771 1202 gra-

318 1229 423 1265 tiam
461 1223 846 1265 Drakenborchius
893 1224 936 1262 in
981 1221 1149 1262 duobus
1192 1230 1359 1264 tantum
1391 1223 1512 1263 codd.
1545 1224 1771 1265 mediocri-

317 1302 620 1350 bus‘invenit3
653 1299 834 1354 reliqui,
876 1308 924 1339 ut
955 1298 1163 1350 Hearnii,
1214 1315 1448 1355 omnesque
1482 1308 1581 1340 ante
1611 1299 1773 1341 Aldum

318 1379 440 1428 edd„
480 1377 797 1419 conciliandam
828 1376 1001 1418 habent.
1066 1376 1114 1417 In
1147 1375 1224 1417 lib.
1258 1376 1448 1428 XXVI,
1490 1378 1571 1427 43,
1606 1379 1659 1426 3,
1695 1376 1771 1418 ubi

315 1455 514 1511 plerique
555 1455 724 1496 codices
761 1454 959 1495 lacunam
992 1453 1154 1495 habent
1185 1454 1291 1507 (vid.
1332 1453 1556 1494 Drakenb.
1583 1455 1636 1494 ad
1667 1454 1769 1503 XL,

317 1535 417 1584 49),
458 1541 601 1573 tamen
641 1545 701 1572 ex
734 1531 871 1572 tribus
901 1529 1275 1581 Drakenborchii,
1317 1532 1389 1585 qui
1433 1533 1593 1586 integri
1635 1539 1772 1581 erant,

319 1611 403 1650 duo
434 1624 529 1650 cum
561 1610 731 1663 Sigonii
761 1609 854 1650 cod.
886 1617 928 1648 ct
960 1607 1160 1648 Palatino
1200 1616 1243 1647 et
1273 1607 1369 1647 edd.
1395 1615 1500 1648 vett.
1532 1606 1772 1655 habebant:

319 1687 378 1727 acl
405 1686 548 1727 urbem
583 1699 712 1726 ‘unam
746 1685 1089 1740 oppugnandam,
1126 1699 1209 1725 non
1240 1685 1587 1739 oppugnandum.
1652 1684 1770 1725 Tan-

317 1773 408 1804 tum
437 1764 598 1821 XXX,
631 1765 701 1814 37,
733 1764 761 1803 ’7
782 1762 947 1816 aliquot
982 1762 1105 1802 codd.
1138 1761 1321 1803 habent:
1347 1762 1409 1801 acl
1436 1761 1769 1802 dissuadendum

313 1854 487 1894 pacem,
532 1839 677 1879 nullus
720 1847 889 1888 tamen,
945 1840 1058 1879 inter
1099 1837 1540 1879 Drakenborchianos
1580 1839 1769 1893 quidem,

319 1932 377 1958 ex
413 1916 679 1958 melioribus.
759 1915 807 1955 ln
839 1930 891 1956 ea
923 1924 1043 1971 parte
1073 1915 1218 1966 Livii,
1262 1916 1306 1955 in
1351 1929 1433 1970 qua
1474 1915 1665 1955 maxime
1704 1929 1773 1955 re-

318 1994 480 2050 gnabat
534 1994 673 2035 codex
718 1991 1032 2048 Moguntinus,
1088 2007 1114 2034 a
1155 1991 1306 2033 Modio
1352 1994 1528 2033 minime
1573 2000 1772 2033 accurate

318 2085 457 2126 neque
489 2071 618 2126 plene
648 2069 847 2120 collatus,
879 2070 1080 2110 obiicitur
1112 2069 1396 2120 XXXVIII,
1429 2072 1481 2120 3,
1510 2070 1559 2110 ¹7:
1593 2069 1652 2109 ad
1681 2075 1773 2109 ten-

319 2150 493 2190 tandum
520 2150 713 2190 ulle’mam
738 2162 866 2202 spe-m,
899 2147 1011 2203 quod
1038 2155 1258 2188 servatum
1288 2156 1354 2188 est
1387 2146 1440 2187 ob
1472 2146 1609 2187 Modii
1643 2144 1774 2186 silen—

318 2217 452 2276 tium,
497 2228 578 2267 etsi
608 2235 773 2280 septeni
805 2224 1157 2266 Drakenborchii
1199 2225 1320 2265 codd.
1351 2223 1570 2265 habebant
1603 2228 1774 2264 tentan-

321 2304 433 2344 dam.
518 2303 609 2344 Iam
654 2304 734 2344 hoc
775 2304 820 2343 in
860 2301 1201 2356 Bainbergensi,
1250 2303 1441 2343 omnium
1483 2302 1704 2356 principe,
1748 2312 1774 2338 a

351 2495 389 2540 ¹)
415 2494 605 2528 Drakenb.
632 2494 678 2527 nd
704 2494 767 2527 XI,
783 2519 792 2535 ,
824 2493 890 2526 49:
936 2490 1135 2525 Observavz’
1158 2494 1276 2527 autem
1303 2490 1472 2523 continua
1498 2489 1659 2522 codicum
1686 2487 1775 2522 Mss.

415 2554 512 2590 Livii
545 2555 789 2594 tractatione,
826 2565 906 2593 cos,
942 2564 1010 2596 quo
1039 2551 1262 2594 antiquiores
1288 2555 1322 2583 ct
1345 2550 1564 2594 integriores
1589 2552 1696 2587 sunt,
1737 2560 1776 2582 co

414 2616 639 2650 constantine
663 2616 756 2648 lianc
778 2615 938 2656 formam
973 2611 1201 2656 (participii)
1231 2622 1399 2650 servare,
1436 2610 1500 2644 ubi
1521 2609 1659 2653 peioris
1683 2610 1781 2642 ποιῶ

416 2677 501 2709 libri
526 2676 708 2720 gerundia
733 2678 950 2718 supponunt.
1001 2673 1121 2716 Atque
1149 2671 1179 2705 is
1197 2676 1320 2705 tamen
1339 2683 1411 2704 non
1430 2669 1597 2704 distinxit
1613 2679 1776 2713 genera;

415 2748 503 2771 nam
528 2737 565 2770 in
590 2748 656 2778 co,
696 2737 794 2781 qnod
821 2747 886 2768 nos
908 2738 1136 2773 tractamus,
1173 2743 1218 2766 nc
1244 2732 1388 2777 peiores
1415 2730 1563 2775 quidem
1590 2729 1678 2762 libri
1705 2729 1774 2762 nisi

414 2808 501 2831 rai-o
529 2797 685 2831 variant,
733 2796 933 2830 Disccbant
960 2793 1065 2839 pueri
1091 2792 1281 2834 trivialcs,
1307 2804 1373 2837 pcr
1398 2790 1621 2836 gerundium
1649 2788 1773 2834 logiti-

414 2870 514 2892 nmm
541 2870 619 2893 csse
643 2861 891 2897 structuram,
917 2867 995 2899 quae
1024 2858 1235 2889 mutaretur
1259 2852 1295 2886 in
1326 2851 1577 2897 participium.
