1981 3390
1470 272 1573 322 339

193 393 320 436 modo
365 389 600 434 notabilem
640 391 778 430 visam
820 401 916 429 esse
950 386 1172 428 nonnullis
1207 387 1289 429 hoc
1322 388 1417 430 loco
1445 395 1642 434 vexando·

192 483 344 512 vocem
388 481 482 510 cum
525 465 744 520 perdendi
781 466 1079 515 coniunctam,
1124 478 1183 504 ex
1225 464 1417 506 Asconio
1457 477 1637 508 constat.

193 545 409 600 Ei‘igitur
442 543 703 596 adscriptum
737 548 802 582 est
835 541 944 581 illud
977 545 1180 582 vastavit.
1244 541 1389 596 Atque
1419 541 1510 583 haec
1541 558 1640 598 pro·

193 624 287 677 pria
329 625 450 660 erant
484 619 642 660 codicis
688 616 1018 672 Guelferbytani
1049 619 1204 672 prioris
1235 627 1309 659 aut
1337 633 1432 660 cum
1464 634 1550 660 uno
1582 622 1641 660 si-

192 697 284 739 mili
302 697 572 744 coiumunia3
605 695 691 736 alia
710 704 822 743 sunt,
853 697 896 735 in
927 694 1081 749 quibus
1112 709 1208 736 cum
1236 696 1441 736 deteriori
1473 695 1641 737 familia

188 774 383 816 codicum
430 787 455 813 a
485 771 664 826 reliquis
695 770 948 812 melioribus
981 772 1174 812 addendo
1202 773 1396 813 discedit.
1472 772 1520 813 In
1555 786 1638 827 quo

190 850 331 905 qualis
375 851 455 899 sit,
494 850 580 888 iam
621 862 680 888 ex
721 847 872 888 Divin.
914 851 992 898 19,
1033 850 1086 888 61
1132 849 1224 888 fere
1258 848 1448 902 intelligi
1481 858 1637 903 potest,

186 926 262 967 ubi
295 927 426 966 edunt
459 939 570 965 nunc
611 938 784 965 omnes:
825 938 929 978 ega,
983 928 1025 964 si
1075 928 1271 976 superior
1310 928 1465 964 ceteris
1514 924 1640 965 rebus

190 1017 330 1053 esses,
373 1000 486 1042 hanc
524 1013 650 1040 uuam
690 998 740 1040 ob
785 1013 958 1040 causam
1002 1005 1046 1039 le
1086 1005 1379 1040 accusatorem
1413 1001 1644 1054 repudiare·

181 1084 383 1134 putarem
412 1082 632 1131 oportere,·
677 1076 751 1116 sed
792 1075 904 1128 apud
938 1074 1207 1129 Stephanum
1241 1084 1284 1116 et
1314 1078 1358 1116 in
1392 1078 1484 1117 cod.
1513 1077 1637 1118 Leid.

189 1153 398 1208 etgGuelf.
416 1154 445 1194 2
474 1162 539 1194 est
565 1152 756 1194 omnibus
782 1152 922 1202 rebus,
954 1152 1064 1207 quod
1099 1154 1203 1208 quin
1231 1167 1382 1194 verum
1412 1154 1483 1204 sit,
1512 1167 1638 1194 nemo

193 1233 438 1273 admonitus
474 1230 713 1280 dubitabit,
755 1231 828 1284 qui
869 1229 1099 1270 attenderit
1141 1230 1194 1270 ad
1226 1238 1509 1286 pervagatam
1539 1244 1638 1271 con-

192 1309 492 1358 suetudinem,
527 1321 633 1362 qua,
669 1306 742 1347 ubi
773 1308 852 1347 toti
882 1320 982 1362 pars
1015 1308 1075 1347 ita
1109 1305 1422 1360 subiungatur,
1465 1314 1512 1347 ut
1542 1321 1638 1348 eam

192 1385 491 1440 excipiendam
529 1397 624 1424 esse
662 1398 740 1439 per
772 1397 818 1424 se
847 1391 1017 1439 pateat,
1060 1398 1112 1425 ea
1153 1383 1355 1438 exceptio
1387 1396 1474 1424 non
1504 1385 1640 1438 signi·

192 1461 346 1502 ficetur
376 1462 520 1501 addito
550 1461 603 1500 ad
635 1460 705 1510 id,
749 1461 862 1515 quod
904 1469 969 1501 est
1007 1466 1121 1500 totels
1159 1461 1252 1500 sive
1283 1473 1446 1511 omnes,
1480 1468 1554 1500 aut
1586 1460 1639 1500 ad

189 1536 438 1578 universale
458 1551 613 1577 nomen
649 1551 715 1586 eo,
744 1537 856 1592 quod
887 1544 952 1577 est
978 1537 1170 1590 reliquus
1199 1538 1293 1577 sive
1326 1540 1474 1587 ceteri,
1505 1535 1639 1578 libra-

189 1615 438 1668 riorumque
482 1613 595 1653 hunc
635 1613 851 1654 defectum
895 1610 1124 1666 supplendi
1166 1622 1235 1663 et,
1270 1613 1383 1668 quod
1412 1610 1524 1653 falso
1556 1612 1640 1652 dici

188 1691 432 1740 videretur,
475 1688 719 1744 corrigendi
753 1690 941 1729 studium
971 1690 1154 1729 noverit.
1219 1688 1331 1729 Dixi
1361 1689 1413 1729 de
1449 1703 1501 1729 ea
1523 1703 1569 1729 re
1594 1690 1639 1729 in

190 1766 434 1808 Emendatt.
480 1767 522 1806 in
571 1765 660 1806 Cic.
692 1765 799 1806 libb.
832 1765 1078 1821 philosoph.
1109 1781 1151 1821 p.
1183 1768 1264 1806 197
1290 1774 1465 1820 propter
1495 1763 1639 1806 locum

188 1843 316 1884 Laelii
355 1857 405 1897 ⁰2
427 1843 478 1892 2,
520 1844 562 1891 ’7,
602 1841 678 1882 ubi
716 1842 928 1882 eiusmodi
961 1842 1261 1896 supplemento
1295 1850 1473 1881 utuntur
1506 1840 1639 1882 libra-

190 1921 269 1969 rii,
301 1919 562 1973 laudavique
593 1926 790 1958 auctores
823 1917 1016 1958 Gronov.
1048 1927 1090 1958 et
1119 1917 1343 1958 Drakenb.
1361 1919 1412 1957 ad
1443 1917 1640 1967 Liv.111,

191 1997 271 2043 25,
302 1997 332 2034 4
351 1996 407 2045 ¹).
486 1993 575 2034 Iam
608 1993 750 2034 Guelf.
779 1995 897 2048 prior
925 1994 1115 2034 omnibus·
1144 1995 1344 2042 retinuit,
1384 1994 1456 2033 sed
1475 2023 1486 2043 ,
1528 1993 1640 2046 quod

195 2072 431 2112 deteriores
469 2069 809 2120 substituerunt,
853 2071 1013 2110 addidit
1044 2069 1256 2120 (omnibns
1298 2073 1451 2109 celeris
1480 2069 1639 2121 rebus).

192 2148 330 2190 Plane
360 2156 502 2187 autem
538 2160 633 2186 eum
664 2146 949 2187 deterioribus
991 2147 1262 2187 consentiens
1297 2155 1339 2186 et
1379 2160 1403 2186 a
1437 2145 1639 2199 Zumptio

193 2224 400 2279 probatus
430 2222 612 2272 obstitit,
644 2237 727 2277 quo
758 2225 898 2263 minus
930 2232 1166 2264 ceterorum
1201 2222 1428 2263 meliorum
1456 2222 1640 2262 auctori-

196 2310 282 2342 tate
314 2301 652 2341 additamentum
685 2298 911 2340 tolleretur
941 2301 1336 2340 manifestissimum
1370 2313 1428 2339 ex
1446 2298 1641 2339 Divinat.

191 2378 244 2427 4,
294 2377 371 2426 15,
416 2375 489 2416 ubi
531 2390 657 2416 nemo
699 2391 784 2417 non
827 2379 1005 2427 sentiet,
1047 2385 1145 2431 post
1185 2391 1261 2425 ea,
1312 2389 1404 2430 quae
1439 2376 1641 2429 proxime

191 2453 436 2509 praecedunt
469 2453 562 2505 (At
590 2456 701 2492 em‘m
744 2466 820 2493 cm·
860 2466 887 2493 a
917 2467 993 2493 me
1025 2457 1291 2506 potissimum
1333 2449 1413 2491 leoc
1452 2454 1641 2504 praesz‘-

194 2530 338 2570 dium
379 2532 705 2582 ρεΐίυενηιιίῖ),
741 2538 1004 2584 quantopere
1048 2531 1114 2570 vis
1156 2527 1393 2579 rhetorica,
1425 2529 1567 2582 posita
1600 2528 1642 2566 in

223 2670 258 2713 ¹)
284 2669 426 2704 Similis
453 2674 507 2704 est
532 2671 833 2715 frequentissima
860 2671 1008 2706 omissio
1035 2671 1137 2712 eius,
1174 2671 1271 2715 quod
1310 2673 1364 2702 est
1391 2668 1500 2709 alius,
1529 2677 1643 2711 quum

286 2729 424 2762 dicitur
457 2741 563 2772 quum
601 2733 724 2770 multi,
763 2737 835 2765 tum
874 2733 910 2764 L.
944 2733 1099 2765 Crassus
1139 2732 1214 2775 (pr.
1251 2731 1395 2763 Cluent.
1436 2727 1503 2767 51,
1543 2726 1642 2767 110),

288 2792 363 2821 tum
388 2789 515 2828 multa,
542 2794 616 2822 tum
641 2791 746 2825 ctiam
770 2792 837 2825 hoc
863 2793 985 2833 (Verr.
1013 2793 1076 2833 IV,
1096 2791 1155 2830 66,
1179 2790 1281 2832 167),
1306 2798 1411 2830 quum
1438 2796 1544 2829 soept‘,
1571 2789 1643 2818 'um

288 2847 507 2892 infinitaque
531 2849 722 2884 eiusmodi.

1316 2916 1375 2948 22·
