1981 3390
480 206 546 253 44

414 325 458 368 Is
486 325 607 367 locus
640 332 705 367 est
742 326 787 365 in
815 325 949 366 satira
980 324 1174 376 decima,
1217 323 1291 366 ubi
1330 326 1375 366 in
1406 325 1694 381 descriptione
1722 327 1857 368 cladis

415 403 565 445 Seiani
598 402 687 444 haec
713 404 856 460 posita
885 410 984 443 sunt
1013 403 1074 456 (v.
1103 404 1157 443 31
1191 406 1328 458 sqq.):

770 523 992 564 Perituros
1031 524 1159 564 audio
1191 523 1366 566 multos.

470 603 547 646 Nil
578 602 778 643 dubium:
809 615 966 655 magna
998 610 1064 642 est
1094 602 1344 644 fornacula:
1377 601 1612 658 pallidulus
1645 603 1703 644 mi

469 679 692 722 Brutidius
721 693 842 720 meus
875 679 928 720 ad
960 678 1117 720 Martis
1151 680 1233 720 fuit
1264 678 1420 720 obvius
1451 695 1585 721 aram.

471 758 614 808 Quam
648 758 808 808 timeo,
842 757 982 797 victus
1012 771 1065 796 ne
1099 771 1262 812 poenas
1297 758 1450 811 exigat
1477 755 1613 807 Aiax,

469 835 529 878 Ut
560 834 674 875 male
704 831 921 875 defensus.
981 833 1215 876 curramus
1253 835 1497 890 praecipites
1532 841 1591 885 et,

467 912 585 954 Dum
618 914 730 954 iacet.
759 913 806 953 in
834 913 954 968 ripa,
987 912 1202 953 calcemus
1234 911 1419 954 Caesaris
1449 911 1632 952 hostem.

415 1027 558 1078 Quam
599 1029 688 1069 vim
721 1042 764 1069 v.
803 1028 860 1068 84
891 1034 934 1068 et
964 1027 1021 1068 85
1050 1027 1266 1078 habeant,
1304 1036 1347 1069 et
1387 1029 1483 1084 qno:
1513 1033 1678 1082 spectet
1706 1023 1856 1066 Aiacis

414 1107 780 1156 commemoratio,
802 1119 887 1146 non
907 1113 1098 1160 apparet.
1153 1105 1392 1161 Vulgatam
1417 1106 1675 1147 sententiam
1693 1117 1859 1153 eorum,

413 1184 487 1239 qui
527 1181 772 1223 Brutidium
810 1190 854 1223 et
895 1181 1004 1222 alios
1048 1197 1144 1223 cum
1182 1185 1342 1224 Seiano
1386 1185 1432 1224 in
1473 1184 1659 1224 exitium
1698 1189 1858 1223 tractos

413 1274 508 1300 cum
539 1259 674 1300 Aiace
716 1261 957 1314 comparari
985 1258 1219 1312 putabant,
1264 1260 1500 1314 Rupertius
1534 1268 1651 1301 recte
1692 1259 1859 1300 reiecit.

414 1337 501 1378 Sed
531 1336 644 1391 qnod
678 1337 771 1392 ipse
803 1335 1031 1378 Tiberium
1064 1336 1247 1379 Aiacem
1278 1338 1408 1389 facit,
1453 1351 1540 1379 non
1569 1337 1858 1392 expediuntur

411 1413 704 1455 difficultates.
764 1413 889 1455 Nihil
925 1415 1041 1455 enim
1082 1414 1226 1455 simile
1259 1415 1409 1456 Aiacis
1441 1419 1553 1457 victi
1589 1423 1632 1456 et
1673 1413 1858 1464 Tiberii,

411 1507 519 1549 quos
550 1492 713 1542 oderat,
744 1492 1055 1546 opprimentis3
1087 1493 1241 1533 deinde
1273 1508 1360 1534 non
1390 1507 1494 1534 sane
1518 1492 1631 1534 male
1654 1493 1858 1534 defensus

413 1569 646 1621 Tiberius,
685 1578 839 1610 senatu
882 1569 1082 1610 celeriter
1127 1570 1334 1612 Seianum
1376 1579 1419 1611 et
1458 1572 1551 1611 eius
1594 1571 1756 1611 amicos
1802 1570 1856 1610 ad

411 1656 596 1690 mortem
637 1648 858 1702 rapiente3
904 1655 994 1688 tum
1028 1647 1148 1688 Aiax
1184 1650 1279 1703 ipse
1328 1663 1375 1689 se
1421 1648 1612 1689 defendit
1652 1656 1695 1689 et
1735 1661 1857 1688 suam

411 1740 585 1768 causam
605 1727 709 1780 egit,
743 1723 948 1766 Tiberius
974 1726 1174 1766 irascitur
1199 1734 1246 1766 ut
1278 1726 1332 1767 ab
1363 1725 1462 1767 aliis
1492 1726 1606 1767 male
1639 1726 1856 1767 defensus.

408 1803 561 1860 Itaque
609 1803 700 1843 haec
745 1804 1044 1858 interpretatio
1088 1805 1257 1845 exitum
1296 1818 1383 1845 non
1422 1803 1567 1845 habet.
1639 1804 1857 1844 Praeterea

408 1883 537 1924 nimis
565 1867 757 1922 breviter
792 1889 834 1921 et
863 1882 956 1922 sine
987 1881 1104 1932 ullo,
1140 1890 1188 1922 ut
1219 1883 1413 1934 videtur,
1451 1881 1600 1936 lepore
1631 1879 1856 1921 Brutidius

409 1960 725 2016 interponitur,
775 1958 930 1998 deinde
971 1961 1110 1999 oratio
1140 1960 1193 1999 ad
1220 1959 1308 2000 alia
1338 1961 1617 2000 convertitur.
1688 1958 1774 1999 Sed
1802 1959 1855 1998 ad

410 2039 524 2080 hunc
563 2039 703 2092 ipsum
743 2037 964 2090 pertinent
1002 2035 1082 2076 illa
1122 2036 1175 2076 de
1210 2035 1373 2087 Aiace,
1416 2044 1458 2077 et
1490 2037 1536 2076 in
1567 2036 1622 2076 iis
1651 2035 1765 2076 inest
1797 2035 1854 2085 id,

409 2116 523 2172 quod
555 2115 800 2170 quau-imus,
862 2111 1085 2154 Brutidius
1119 2115 1234 2154 enim
1260 2113 1398 2167 Niger
1429 2113 1680 2169 eloquentia
1710 2122 1753 2154 et
1783 2114 1855 2155 de-

410 2192 634 2233 clamando
666 2190 870 2231 inclaruit
898 2193 1138 2245 imperante
1162 2189 1341 2231 Tiberio
1376 2189 1501 2246 (Tac.
1534 2190 1651 2231 Anu.
1681 2189 1762 2241 ΙΙΙ,
1785 2192 1854 2231 66.

410 2272 564 2311 Senec.
595 2269 772 2310 Suasor.
801 2269 843 2309 ’7.
876 2268 952 2308 cfr.
984 2267 1039 2308 A.
1073 2267 1237 2309 Schott.
1257 2267 1309 2307 de
1343 2266 1472 2308 claris
1503 2268 1615 2322 apud
1643 2269 1852 2310 Senecam

410 2344 818 2401 declamatoribus);
863 2345 1070 2386 iudicium
1103 2354 1247 2386 autem
1277 2359 1495 2386 armorum
1524 2347 1637 2386 inter
1670 2345 1852 2387 Aiacem

409 2435 452 2468 et
469 2425 667 2481 Ulyssem
695 2438 809 2480 saepe
832 2424 1056 2464 materiam
1077 2423 1418 2465 declamantibus
1436 2423 1643 2479 praebuit:
1673 2433 1851 2465 exstant

407 2503 682 2547 Antisthenis
712 2502 1049 2544 declamationes
1079 2500 1265 2550 Graecae3
1295 2502 1407 2557 apud
1440 2501 1622 2543 Latinos
1649 2502 1850 2544 Porcium

405 2583 643 2624 Latronem
674 2581 785 2623 hanc
814 2594 986 2622 causam
1019 2589 1225 2622 tractasse
1257 2588 1425 2621 constat
1453 2580 1624 2632 (Senec.
1657 2588 1849 2620 controv.

408 2661 468 2712 II,
498 2663 584 2712 lo),
616 2674 642 2700 a
672 2675 755 2716 quo
790 2659 991 2709 Ovidius,
1024 2660 1095 2714 qui
1126 2660 1218 2714 ipse
1251 2673 1362 2709 eam,
1392 2666 1438 2699 ut
1468 2660 1529 2698 ita
1558 2657 1721 2707 dicam,
1753 2672 1843 2697 ver-

409 2739 529 2781 sibus
559 2737 818 2780 declamavit
857 2739 899 2778 in
929 2736 1042 2778 libro
1082 2736 1196 2779 XIII
1233 2735 1672 2791 B'Ietamomhoseon,
1711 2734 1848 2776 multa

409 2820 592 2875 sumpsit
630 2817 803 2870 (senec.
832 2816 860 2858 l.
892 2820 963 2868 c.).
1040 2815 1130 2859 Nec
1167 2815 1340 2860 aliunde
1381 2816 1516 2872 petita
1559 2822 1622 2856 est
1663 2813 1845 2856 ridicula
