1981 3390
456 247 555 295 463

393 380 487 407 eam
530 365 785 419 lectionem,
838 383 962 425 quam
998 373 1082 413 iam
1127 370 1362 415 Lambinus
1399 373 1620 416 nonnullis
1663 375 1835 431 probari

391 443 523 485 dixit:
567 448 664 498 qni,
690 459 826 501 quem
856 451 903 487 in
934 454 1087 490 senatu
1116 455 1305 503 privati,
1339 457 1385 492 ut
1415 452 1468 492 cle
1499 466 1563 492 me
1596 457 1835 494 sententias

390 521 608 570 decerent,
628 521 927 575 flagitabant,
961 525 1096 577 legem
1127 527 1201 565 illa·
1226 539 1307 568 etc.
1336 528 1377 568 id
1411 538 1497 579 est,
1541 532 1608 579 (ut
1636 529 1836 570 nonnulli

390 587 685 648 coniecerunt)
716 603 953 639 sententias
980 600 1125 642 dicere
1157 603 1331 654 liceret3
1373 618 1472 646 nam
1504 620 1633 660 quum
1664 616 1835 651 senten-

390 678 471 716 tias
503 676 645 715 dicere
678 684 926 716 senatorum
954 686 1070 717 esset
1103 692 1242 734 neque
1273 681 1314 720 id
1343 679 1438 722 fieri
1461 691 1606 736 posset
1635 684 1718 724 nisi
1747 697 1836 724 ma-

388 755 573 808 gistratu
618 751 790 807 aliquo,
834 755 906 808 qui
950 755 1133 808 cogendi
1177 764 1352 797 senatus
1388 759 1456 797 ius
1489 757 1694 808 haberet,
1725 761 1836 801 refe·

378 839 508 871 ⁴rente
542 837 584 871 et
617 838 826 883 rogante,
858 831 972 872 idem
1006 831 1360 888 intelligebatur,
1404 835 1498 874 sive
1532 835 1691 875 dictum
1721 843 1835 876 erat:

387 915 433 949 nt
450 907 570 962 (ipsi)
585 911 823 947 sentenlz‘as
839 907 1059 959 dicerent,
1086 911 1179 950 sive
1200 912 1410 963 apertius:
1442 917 1491 952 nt
1507 911 1652 952 dicere
1667 912 1833 963 liceret,

385 988 500 1027 sive:
530 990 577 1025 ut
609 983 847 1037 (eonsules)
878 989 1105 1039 rogarent.'
1157 988 1364 1040 Superest
1384 1002 1618 1043 pronomen
1647 989 1720 1029 illa·
1734 1003 1832 1043 pro-

383 1071 478 1118 pter
510 1076 630 1111 eam,
675 1075 801 1115 quam
837 1060 1110 1116 significavi,
1151 1066 1434 1119 oppositionis
1477 1064 1661 1118 figuram
1697 1064 1834 1106 abun-

384 1141 535 1180 danter
565 1139 756 1179 additum
788 1147 888 1193 post
920 1143 1017 1192 qni,
1059 1141 1315 1196 interposita
1350 1144 1590 1192 sententia,
1630 1142 1834 1196 quemad-

383 1217 555 1259 modum
586 1218 631 1256 in
663 1217 983 1269 comparatione
1015 1215 1057 1257 ΙΙ
1088 1217 1140 1257 de
1168 1217 1289 1259 Orat.
1324 1219 1393 1269 30,
1426 1219 1532 1259 130:
1563 1217 1721 1258 habere
1742 1233 1832 1259 cer-

384 1302 449 1336 los
481 1296 621 1343 locos,
655 1297 758 1347 qm',
794 1298 844 1334 ut
869 1294 1007 1333 Ic'teroe
1036 1294 1094 1334 ad
1128 1294 1299 1335 verbum
1330 1294 1625 1345 scribendum,
1668 1299 1732 1336 sic
1763 1296 1836 1335 illi

383 1373 442 1413 ad
483 1384 655 1412 causam
700 1370 1005 1424 explicandam
1041 1376 1185 1412 statim
1230 1382 1484 1421 occurrant,
1534 1374 1656 1413 euius
1689 1371 1831 1412 simile

382 1458 448 1490 est
476 1448 608 1489 Tusc.
639 1447 718 1498 IV,
753 1450 829 1498 14,
858 1449 935 1489 32:
969 1449 1083 1503 quod
1112 1453 1355 1504 ingeniosi,
1393 1455 1444 1490 nt
1471 1462 1529 1490 ωε
1567 1447 1831 1490 Cbre'ntlez’nm

380 1532 427 1568 in
467 1529 725 1580 oernginem,
778 1527 843 1564 sic
896 1525 968 1565 illi
1016 1530 1062 1567 in
1115 1526 1298 1567 morbum
1346 1527 1548 1567 incidunt
1588 1526 1756 1566 tardius
1776 1527 1832 1574 ¹)-

381 1605 535 1644 Statim
568 1610 666 1657 post
699 1600 854 1641 melius
886 1601 983 1642 Par.
1017 1612 1058 1642 et
1088 1603 1241 1658 reliqui
1285 1604 1405 1643 codd.
1441 1602 1556 1652 hoec,
1597 1601 1672 1642 ubi
1703 1601 1830 1643 Orel-

379 1681 464 1722 lius
496 1694 553 1720 ex
589 1678 748 1719 Bernn.
778 1678 912 1718 edidit
941 1677 1042 1727 hoc5
1078 1694 1162 1720 non
1193 1681 1245 1720 de
1276 1694 1360 1720 uua
1389 1695 1435 1720 re
1465 1678 1644 1729 Cicero,
1678 1679 1752 1719 sed
1777 1679 1829 1719 de

380 1761 584 1800 universo
616 1770 760 1797 rerum
791 1764 905 1796 statu
934 1755 1138 1811 loquitur.

500 1834 550 1875 C.
579 1836 656 1884 33,
686 1835 739 1873 ’71
773 1847 894 1888 paene
922 1834 1086 1873 invitus
1119 1838 1235 1883 (nam
1268 1847 1436 1873 omnem
1472 1814 1756 1874 temeritatem
1787 1840 1830 1872 et

379 1913 596 1969 fingendi,
648 1925 740 1966 quae
760 1909 963 1960 fortasse
981 1909 1097 1958 fieri
1128 1915 1374 1965 potuerint,
1414 1909 1635 1951 licentiam
1670 1910 1829 1964 fugio),

378 1992 451 2032 sed
485 1999 625 2030 tamen
670 2004 754 2029 non
787 2003 989 2043 possum,
1036 1990 1137 2044 quin
1171 1997 1287 2029 recte
1321 1988 1599 2029 Schuetzium
1640 1989 1829 2027 sensisse

377 2077 539 2124 putem,
572 2069 640 2122 qui
668 2067 709 2106 in
732 2065 898 2106 verbis:
933 2065 1169 2120 Ingredz’or
1199 2069 1284 2106 iam
1317 2069 1363 2105 in
1399 2063 1536 2105 Sestio·
1565 2063 1828 2106 tribunatum

379 2147 579 2195 haeserit,
619 2144 731 2200 quod
776 2145 813 2183 ei
857 2144 1011 2183 accidit
1055 2142 1311 2198 aliquoties,
1358 2150 1405 2181 ut
1448 2143 1498 2182 ad
1533 2141 1826 2182 difficultatem

378 2232 494 2264 recto
530 2222 711 2277 quodam
741 2235 870 2260 sensu
904 2221 1168 2270 offenderet,
1202 2222 1247 2261 in
1278 2219 1457 2275 reliquis
1487 2218 1616 2260 rebus
1647 2227 1829 2258 temera-

379 2303 467 2340 rius
496 2309 537 2339 et
567 2298 725 2338 infelix
756 2298 942 2338 criticus.
1000 2297 1109 2338 Nam
1138 2300 1322 2352 primum
1357 2297 1511 2337 falsam
1544 2296 1703 2336 habent
1733 2309 1829 2335 sen-

379 2379 582 2422 tentiam;
628 2374 744 2415 aliud
782 2383 846 2413 est
878 2376 1017 2422 euim,
1052 2376 1088 2413 si
1123 2375 1173 2413 ad
1210 2375 1500 2414 Romanorum
1532 2386 1704 2412 sensum
1738 2383 1827 2410 rem

379 2454 664 2502 aestimamus,
708 2449 976 2498 tribunatus,
1020 2448 1134 2488 aliud
1170 2449 1412 2502 designatio
1447 2447 1636 2496 tribuni;
1672 2447 1826 2487 deinde

379 2529 649 2572 incommodo
678 2527 775 2568 loco
802 2528 943 2580 posita
978 2534 1102 2575 sunt3
1150 2539 1243 2565 nam
1279 2525 1329 2565 ad
1364 2526 1542 2579 primam
1578 2525 1721 2564 statim
1755 2524 1827 2564 de-

404 2673 441 2715 1)
468 2670 608 2705 Similis
628 2666 855 2714 pronominis
874 2666 1154 2700 demonstrativi
1181 2669 1260 2709 post
1290 2663 1552 2698 substantivum
1577 2664 1827 2698 redundantiae

470 2731 661 2774 exempla,
693 2729 873 2763 nonnulla
900 2731 1023 2761 tamen
1052 2727 1171 2770 magis
1201 2727 1246 2760 ad
1272 2724 1490 2758 anacoluthi
1518 2729 1691 2758 naturam
1722 2735 1826 2758 acce-

471 2791 620 2831 dentia,
655 2801 771 2824 unum
797 2793 833 2823 et
860 2789 1021 2823 alterum
1049 2787 1226 2827 dubium,
1265 2786 1500 2830 collegerunt
1531 2785 1752 2830 interpretes
1781 2785 1826 2818 ad

468 2851 545 2887 mv,
574 2851 686 2891 xxv,
712 2849 768 2890 27,
800 2850 829 2882 1.
