1981 3390
448 240 547 290 464

380 363 500 411 (nam
538 358 636 401 Par.
668 358 972 413 interpolatum
1008 359 1089 401 hoc
1121 359 1215 402 loco
1249 374 1371 413 esse,
1413 374 1542 417 supra
1583 360 1696 413 dixi)
1736 361 1822 403 for-

381 446 496 477 tasse
526 435 655 492 paulo
688 438 865 492 propius
896 439 1164 488 accedemus,
1194 439 1232 478 si
1257 437 1518 480 scribemus:
1547 442 1664 478 inter
1690 450 1824 478 meum

381 517 546 554 exitum
580 519 626 553 et
645 513 856 567 praedum,
888 522 934 552 ut
958 517 1122 553 exilum
1149 513 1429 568 depravatum
1461 518 1517 556 sit
1544 517 1589 555 in
1621 520 1666 555 et
1691 527 1826 554 suum.

381 590 578 633 Alterum
611 603 844 643 pronomen
873 597 1015 643 potest
1043 589 1222 639 abesse3
1254 605 1352 631 nam
1379 600 1421 631 et
1445 590 1828 645 Cz’ceronisproeda

380 675 496 707 recte
535 666 715 715 dicitur,
759 665 804 705 id
834 674 924 715 est,
972 666 1024 706 de
1064 665 1272 707 Cicerone
1302 675 1441 721 capta.
1505 668 1652 709 Dubia
1681 677 1825 708 tamen

384 742 628 783 emendatio
659 749 739 782 est.

499 817 549 857 In
572 817 667 858 ioco
689 816 895 858 lacunoso
917 831 952 858 c.
973 818 1042 868 25,
1072 818 1128 858 55
1153 819 1338 872 primum
1369 833 1393 859 e
1423 819 1568 860 codice
1596 817 1829 860 Parisiensi

384 901 427 934 et
451 892 580 934 Bern.
609 894 904 949 reponendum
939 903 1004 935 est
1034 901 1079 935 et
1098 898 1188 935 'uui
1223 894 1418 936 helluoni
1447 910 1524 950 pro
1556 901 1606 936 ut
1633 899 1712 936 um·
1738 894 1829 935 ltel-

381 971 524 1018 lecom’5
560 979 676 1011 recte
707 972 768 1011 ita
797 970 878 1012 hoc
909 971 1130 1026 adiungit,
1161 980 1363 1026 tanquam
1397 971 1441 1012 id
1475 973 1616 1026 ipsum
1647 970 1828 1012 Clodius

381 1047 426 1086 in
456 1046 555 1100 lege
585 1049 818 1102 scripserit.
875 1047 1053 1088 Lacuna
1095 1062 1180 1088 uno
1220 1049 1365 1089 addito
1404 1047 1617 1089 vocabulo
1657 1047 1833 1102 expleri

382 1136 469 1163 non
499 1131 665 1177 potest;
712 1138 965 1178 quocunque
997 1125 1111 1164 enim
1140 1123 1237 1165 loco
1270 1126 1492 1179 posueris,
1540 1125 1644 1165 ordo
1678 1123 1831 1171 werbo-

382 1214 477 1241 rum
508 1198 750 1248 laborabit3
790 1200 913 1241 velut
955 1202 1001 1241 in
1030 1200 1242 1256 Naugerii
1281 1209 1324 1241 et
1352 1200 1600 1255 vulgarium
1637 1200 1831 1240 codicum

384 1278 598 1332 scriptura
642 1282 834 1330 potestas·
865 1276 1027 1327 fieret,
1074 1277 1186 1332 quod
1228 1278 1281 1318 ad
1321 1286 1549 1332 utrumque
1593 1275 1833 1318 membrum

382 1355 596 1408 pertinet,
628 1353 741 1394 male
781 1354 909 1395 alteri
937 1354 1078 1395 medio
1109 1355 1336 1406 inseritur3
1376 1353 1563 1394 debebat
1607 1363 1681 1394 aut
1719 1355 1832 1393 inter

382 1437 612 1484 utrumque
650 1432 755 1485 poni
795 1435 908 1486 (post
939 1430 1234 1481 deliberande,
1273 1432 1356 1472 etsi
1398 1439 1488 1472 tum
1528 1431 1656 1472 nimis
1698 1428 1832 1470 breve

382 1506 566 1547 alterum
600 1510 748 1558 esset,)
782 1515 856 1546 aut
886 1516 1085 1549 extremo
1113 1508 1224 1549 loco.

501 1582 550 1624 C.
572 1586 642 1634 27,
668 1584 724 1623 58
744 1586 989 1625 necessario
1023 1585 1240 1638 duplicata
1268 1585 1395 1625 litera
1425 1583 1698 1624 scribendum
1731 1595 1827 1623 esse

381 1666 427 1700 et
452 1674 479 1700 a
512 1659 567 1700 L.
608 1659 820 1709 Lucullo,
865 1674 1021 1710 summo
1058 1665 1151 1701 viro
1194 1667 1324 1716 atque
1363 1665 1622 1714 imperatore
1665 1662 1762 1715 (pro
1804 1672 1833 1700 a

380 1735 602 1789 Lucullo),
632 1735 894 1791 intelligent,
925 1738 997 1792 qui
1026 1737 1300 1778 attenderunt
1328 1738 1381 1777 ad
1412 1751 1536 1777 usum
1571 1737 1754 1777 oratoris
1783 1735 1829 1775 in

378 1812 588 1865 ponendis
619 1811 863 1852 nominibus
897 1827 1046 1853 eorum
1075 1813 1314 1864 hominum,
1348 1827 1455 1868 quos
1474 1822 1601 1853 antea
1618 1815 1661 1852 in
1680 1812 1830 1852 eadem

382 1890 575 1929 oratione
602 1888 756 1929 locove
778 1890 986 1930 orationis
1015 1904 1099 1930 non
1124 1889 1354 1945 appellarit
1381 1892 1437 1940 ¹).
1493 1890 1577 1931 Pro
1601 1889 1748 1930 Deiot.
1765 1890 1833 1938 13,

379 1967 436 2006 36
465 1967 622 2006 vitiose
665 1965 894 2008 edebatur:
947 1981 975 2008 a
1019 1965 1225 2021 Scipione
1270 1967 1493 2016 devictus,
1533 1965 1607 2006 ubi
1647 1978 1704 2006 ex
1740 1964 1833 2005 cod.

381 2042 563 2092 Dresd.,
593 2044 621 2082 5
651 2042 800 2093 Oxx.,
840 2043 984 2084 Haun.
1025 2045 1084 2095 (in
1116 2058 1199 2098 quo
1231 2053 1296 2084 est
1326 2058 1353 2084 α
1390 2045 1491 2085 lelio
1527 2042 1758 2097 Scofflione)
1789 2050 1833 2082 et

380 2120 447 2160 ed.
476 2121 587 2161 1472
619 2120 755 2161 edidi:
795 2134 822 2160 a
856 2120 910 2161 L.
946 2119 1166 2174 Scipione.
1222 2121 1359 2162 Paulo
1389 2129 1488 2176 post
1519 2123 1559 2174 (ξ
1588 2114 1661 2173 59)
1692 2119 1833 2160 Mem·

381 2198 457 2237 mii
501 2206 574 2237 aut
606 2197 717 2237 alius
750 2199 896 2238 nescio
930 2199 1050 2238 cuius
1083 2200 1397 2239 coniecturam:
1454 2198 1664 2252 Tigranes
1694 2200 1834 2251 igitur

381 2275 508 2314 nimis
542 2274 761 2314 discedere
802 2289 827 2315 a
860 2275 1052 2315 codicum
1086 2277 1284 2330 vestigiis
1319 2275 1465 2327 (Tulit
1490 2276 1664 2329 gessit),
1709 2288 1833 2329 aper-

380 2358 471 2390 tum
502 2358 591 2400 est,
641 2364 720 2390 nec
759 2365 916 2391 nomen
947 2353 1147 2405 posuisse
1181 2351 1335 2393 Cicero
1377 2352 1561 2392 videtur.
1625 2350 1710 2392 Sed
1742 2362 1830 2389 me-

382 2425 494 2467 liora
526 2439 610 2466 non
643 2427 828 2480 reperio.

499 2502 550 2543 In
581 2517 616 2543 c.
650 2504 721 2553 29,
751 2503 806 2542 63
835 2503 962 2542 nimis
994 2503 1207 2556 patienter
1239 2510 1523 2557 propagatum
1557 2511 1623 2543 est
1653 2502 1707 2543 ab
1739 2517 1830 2544 om-

381 2578 533 2629 nibus,
564 2579 676 2634 quod
706 2578 887 2620 Iacobus
917 2577 1187 2628 Gronovius,
1220 2577 1451 2620 obsecutus
1482 2581 1615 2634 patris
1649 2581 1834 2620 auctori-

381 2657 458 2696 tati
491 2656 563 2707 (ad
605 2656 702 2697 Liv.
742 2655 865 2707 XLI,
911 2658 940 2696 6
979 2658 1098 2707 (10),
1143 2657 1217 2708 11)
1259 2670 1282 2697 e
1327 2656 1473 2697 codice
1515 2655 1833 2707 Gemblacensi,

410 2825 445 2867 ²)
474 2825 590 2862 Recte
616 2826 782 2864 Orellius
808 2838 839 2863 c.
864 2825 899 2870 5,
925 2825 970 2862 12
993 2824 1105 2863 scribi
1132 2826 1232 2862 vult:
1269 2825 1322 2863 M.
1352 2825 1495 2862 Catone.
