1981 3390
292 360 458 395 tantum
484 350 593 392 illud
623 352 779 394 mirum
808 359 888 404 est,
920 351 1120 394 custodes
1151 365 1246 394 cum
1275 354 1344 404 iis,
1379 367 1484 410 quos
1517 355 1732 398 custodire

293 429 526 480 deberent,
555 430 725 471 iunctos
755 437 798 469 et
830 437 1035 486 aequatos,
1069 429 1144 471 sed
1179 431 1353 472 omnino
1382 433 1596 474 universae
1629 433 1736 474 iuris

293 507 455 548 veteris
503 515 666 548 naturae
714 514 926 562 repugnat
975 505 1356 549 vehementissime
1406 508 1505 550 talis
1547 511 1736 551 civitatis

294 597 380 625 non
401 584 592 633 amissio,
628 583 703 625 sed
733 583 977 623 imminutio
1007 582 1052 623 in
1079 596 1146 634 e0,
1178 586 1249 638 qui
1277 584 1450 640 plenam
1481 601 1575 628 eam
1609 595 1737 628 antea

292 662 526 708 tenuissem
556 674 635 701 nec
667 658 801 701 ullum
833 667 1043 716 praeterea
1074 661 1167 700 eius
1201 662 1433 716 vestigium
1464 672 1544 715 est,
1579 665 1663 704 nisi
1691 665 1736 706 in

293 751 436 795 poena
477 736 674 778 censoria
717 750 889 787 eorum,
935 737 1008 792 qui
1050 734 1164 777 tribu
1203 737 1513 792 movebantur,
1559 755 1619 781 ex
1653 755 1737 798 qua

293 815 390 869 ipsa
422 813 474 855 de
515 822 606 856 tota
645 827 692 855 re
726 813 908 855 iudicari
939 820 1095 869 potest.
1159 812 1272 854 Illud
1305 817 1516 869 praeteriri
1548 829 1633 858 non
1665 819 1739 859 de-

294 889 392 941 bet,
424 891 612 947 antiquis
649 889 914 944 temporibus
948 889 1000 931 ab
1041 889 1120 932 illa
1161 891 1256 947 ipsa
1295 890 1449 947 plebe,
1495 908 1588 949 quae
1618 903 1737 936 tanto

295 982 427 1022 opere
459 969 524 1010 rei
559 967 740 1024 publicae
781 967 1128 1009 administrandae
1163 969 1370 1010 maiorem
1413 978 1577 1025 partem
1620 980 1741 1027 pete·

295 1043 392 1097 bat,
421 1045 600 1101 eiusque
620 1044 804 1088 tribunis
828 1045 1069 1100 postulatas
1093 1059 1187 1086 esse
1205 1060 1406 1101 agrorum
1422 1049 1739 1103 assignationes

295 1121 648 1178 coloniarumque
681 1122 959 1165 deductiones
999 1123 1094 1175 (cfr.
1123 1122 1221 1165 Liv.
1249 1122 1328 1173 IV,
1363 1126 1430 1175 11,
1461 1126 1532 1176 47,
1561 1127 1617 1166 58
1647 1124 1740 1175 <ubi

293 1207 466 1240 veteres
500 1199 713 1241 editiones
754 1201 998 1242 necessaria
1037 1199 1338 1240 emendatione
1368 1200 1552 1243 habent:
1584 1216 1741 1243 memor

293 1274 510 1317 libertatis
541 1277 804 1316 coloniarum
833 1281 912 1317 auc
941 1279 1043 1329 agri
1065 1275 1234 1330 publici
1259 1282 1338 1316 aut
1365 1277 1576 1331 seffvage'c'
1603 1278 1738 1320 libere

281 1350 473 1402 ferendi
501 1353 685 1395 consilia
714 1356 872 1406 agitet)
906 1352 964 1403 V,
994 1353 1064 1403 24,
1094 1351 1182 1404 vl,
1214 1355 1268 1394 16
1297 1361 1340 1394 et
1369 1353 1512 1405 alibi).
1585 1354 1738 1413 Neque

294 1427 387 1470 ulla
430 1430 523 1471 eius
571 1430 760 1472 instituti
806 1444 936 1472 causa
977 1430 1222 1485 excogitari
1261 1438 1416 1485 potest.
1477 1429 1589 1473 Nam
1628 1432 1740 1488 quod

295 1503 350 1546 ab
383 1504 490 1546 urbe
523 1505 790 1562 aliquantum
821 1506 1115 1557 discedebant,
1147 1508 1286 1547 minus
1306 1507 1489 1548 fortasse
1514 1509 1738 1551 commode

294 1583 363 1623 ius
390 1596 516 1623 suum
550 1596 698 1623 omnes
731 1598 933 1626 exercere
958 1591 1181 1639 poterant;
1215 1592 1403 1624 ceterum
1428 1586 1737 1641 antiquissimae

298 1658 480 1701 coloniae
526 1659 686 1702 civium
739 1674 825 1702 non
873 1661 1048 1716 longius
1092 1659 1294 1711 aberant,
1345 1675 1472 1716 quam
1506 1664 1740 1717 municipia

298 1737 510 1790 suffragio
545 1736 730 1788 donata,
761 1752 839 1779 nec
869 1746 955 1779 tam
990 1737 1125 1779 multa
1161 1745 1248 1779 tum
1283 1740 1479 1786 comitia3
1513 1739 1742 1794 paullatim

295 1813 471 1868 longius
500 1813 842 1864 deducebantur3
875 1830 1026 1858 verum
1056 1815 1204 1857 eodem
1233 1815 1359 1855 modo
1387 1817 1618 1872 municipia
1644 1832 1742 1873 pro-

294 1889 592 1947 pagabantur,
640 1900 709 1944 et,
755 1902 975 1935 crescente
1018 1908 1063 1934 re
1103 1891 1304 1949 publica,
1341 1894 1496 1932 ,minus
1540 1895 1626 1934 iam
1668 1903 1742 1934 aut

297 1981 444 2009 omnes
475 1976 548 2008 aut
578 1970 715 2010 maior
748 1984 848 2023 pars
881 1972 1066 2021 civium,
1109 1969 1263 2027 quibus
1291 1968 1476 2020 licebat,
1506 1971 1743 2013 intererant

294 2044 425 2087 rebus
455 2046 648 2100 agendis·
708 2045 850 2097 Quid,
900 2047 1010 2103 quod
1043 2049 1199 2102 saepius
1231 2048 1315 2089 iam
1352 2048 1539 2103 antiquis
1575 2056 1741 2104 tempo-

292 2121 413 2165 ribus
454 2137 558 2178 ager
599 2124 704 2163 satis
740 2123 1004 2181 longinquus
1047 2123 1238 2175 civibus,
1282 2123 1492 2166 militibus
1534 2127 1741 2177 maxime,

295 2198 570 2241 dividebatur
606 2209 648 2242 et
687 2202 719 2240 ii
764 2203 808 2243 in
843 2215 939 2242 eum
968 2201 1314 2253 deducebantur,
1358 2201 1479 2243 nulla
1509 2204 1742 2244 constituta

294 2274 495 2317 colonia?
540 2290 646 2331 quos
698 2291 822 2318 nemo
877 2279 1085 2333 suffragio
1131 2281 1325 2335 privatos
1369 2280 1563 2333 putavit,
1609 2293 1739 2333 quum

294 2360 438 2394 tamen
468 2365 644 2407 prorsus
675 2353 824 2394 eodem
858 2352 954 2393 loco
985 2353 1137 2394 haberi
1175 2354 1381 2394 deberent
1413 2354 1526 2404 (Liv.
1558 2355 1741 2406 XXXI,

292 2430 343 2480 4,
374 2427 461 2482 49).
522 2427 572 2470 In
608 2428 675 2469 his
714 2438 856 2472 autem
890 2439 1067 2486 apparet
1099 2429 1335 2471 similitudo
1368 2430 1457 2473 τῶν
1484 2426 1739 2489 κληρούχων

294 2505 407 2563 apud
434 2504 633 2557 Graecos,
662 2508 853 2548 maxime
883 2505 1200 2557 Athenienses3
1231 2506 1275 2547 hi
1307 2509 1420 2550 enim
1454 2523 1550 2551 cum
1583 2509 1741 2552 Roma-

294 2585 361 2626 nis
394 2582 576 2626 coloniis
617 2584 892 2639 comparandi
933 2592 1059 2635 sunt,
1102 2598 1187 2625 non
1227 2584 1404 2626 coloniae
1435 2584 1683 2629 Graecorum
1715 2602 1741 2631 a

296 2675 375 2703 sua
414 2663 565 2722 orgine
605 2661 842 2702 disiunctoe.
915 2661 996 2702 llis
1045 2670 1131 2703 tam
1174 2664 1412 2717 perspicuis
1454 2666 1738 2718 argumentiS,

295 2738 450 2796 quibus
493 2739 738 2780 testimonia
775 2746 924 2794 postea
966 2740 1244 2790 adiicientur,
1290 2749 1510 2796 opponunt
1552 2742 1737 2796 primum

296 2816 516 2860 silentium
547 2817 827 2873 scriptorum3
861 2817 970 2873 quod
1003 2825 1149 2859 contra
1180 2818 1298 2874 ipsos
1334 2817 1465 2860 valet.
1527 2816 1735 2861 Mutatio-
