1981 3390
1433 226 1526 275 153

141 364 217 396 eas
245 353 481 404 orationes,
507 361 689 406 quarum
715 346 962 390 emendatio
988 343 1169 387 meliore
1198 345 1486 386 instrumento
1520 346 1594 388 ad·

140 431 342 482 iuvatur,
382 431 427 470 in
459 427 615 484 quibus
643 435 691 468 ut
724 427 866 467 minus
899 425 1103 480 frequens
1135 431 1201 466 est
1230 425 1488 465 coniecturae
1520 437 1594 465 ne-

141 510 348 565 cessitas,
380 509 442 548 ita
475 506 594 557 fere,
623 504 700 546 ubi
726 518 832 546 usus
859 512 948 555 est,
991 502 1163 544 facilior
1195 502 1281 543 via.

261 585 311 626 ln
337 583 583 626 Miloniana
614 584 801 639 primum
837 597 872 624 c.
904 583 956 633 5,
998 584 1052 623 14
1086 581 1324 623 tollendum
1359 580 1441 621 fuit
1475 593 1595 620 men·

140 664 243 705 dum
276 662 419 704 simile
451 662 638 718 quodam
671 662 798 703 modo
830 662 947 711 eins,
991 660 1105 716 quod
1147 674 1206 701 ex
1247 661 1398 715 priinae
1442 657 1596 699 Catili-

141 743 275 784 nariae
319 755 355 783 c.
397 742 426 782 3
457 740 646 793 sustuli,
686 741 932 794 negationis
972 738 1086 781 male
1129 739 1298 793 positae.
1371 737 1437 779 Ita
1481 738 1598 778 enim

138 819 265 862 locus
298 821 558 861 constitutus
604 827 698 860 erat
745 833 772 860 a
816 817 1082 868 Garatonio,
1125 816 1321 857 adhibita
1364 814 1599 856 verborum

141 899 502 954 transpositione:
533 896 643 938 Neu·
672 909 774 937 vero
807 901 888 936 aut
917 895 994 936 ille
1025 894 1133 945 dies,
1163 907 1245 948 quo
1281 893 1347 935 Τι’.
1375 892 1598 935 Gracchus

144 982 210 1018 est
241 990 398 1028 caesus,
435 980 515 1016 aut
542 974 646 1025 ille,
679 986 762 1028 quo
797 972 954 1024 Caius,
988 977 1069 1013 aut
1098 985 1179 1028 quo
1213 985 1335 1012 arma
1366 969 1604 1011 Saturnini

141 1067 348 1110 oppressa
377 1058 500 1104 sunt,
527 1055 703 1094 etiamsi
726 1065 751 1093 e
780 1065 830 1093 re
849 1049 1063 1107 publica,
1091 1063 1180 1091 rem
1202 1048 1425 1105 publicam
1457 1054 1602 1089 tamen

142 1146 230 1174 nou
262 1133 573 1180 vulneraruut3
620 1144 800 1182 verum,
841 1144 974 1186 quum
1002 1128 1095 1171 haec
1127 1130 1184 1170 sit
1215 1128 1456 1179 sententia,
1499 1125 1602 1168 illos

143 1211 264 1262 dies,
303 1212 494 1261 etiamsi
509 1211 746 1251 necessarii
785 1209 972 1260 fuerint,
1019 1215 1165 1253 tamen
1205 1206 1462 1249 vulnerasse
1508 1218 1603 1247 rem

144 1287 393 1344 publicam,
442 1289 490 1329 in
529 1289 672 1329 ironia
722 1288 899 1342 negatio
942 1286 1023 1327 toti
1066 1285 1169 1326 huic
1208 1284 1444 1326 verborum
1487 1297 1604 1325 com-

144 1365 347 1423 plexioni
375 1367 571 1422 praeponi
599 1365 754 1415 debet3
797 1365 926 1421 idque
957 1362 1095 1405 multo
1125 1364 1266 1419 magis
1299 1362 1396 1404 fieri
1422 1375 1603 1403 necesse

147 1453 214 1486 est
247 1453 422 1500 propter
453 1443 713 1499 particulam
743 1449 911 1491 tamem·
958 1441 1088 1498 plane
1119 1442 1234 1482 enim
1266 1442 1477 1482 evertitur
1507 1454 1606 1481 sen-

111 1524 312 1584 'tentia‚
356 1523 395 1563 si
431 1521 544 1564 hanc
587 1523 754 1575 excipit
793 1534 881 1561 nou
922 1521 1222 1561 vulnerarunt.
1285 1518 1438 1574 Itaque
1473 1531 1606 1574 quum

147 1602 193 1643 in
226 1599 445 1643 codicibus
485 1608 529 1642 et
577 1600 753 1656 optimis
797 1607 841 1640 et
879 1596 1168 1639 deterioribus
1209 1598 1387 1654 negatio
1429 1604 1473 1637 et
1504 1604 1606 1638 ante

150 1683 325 1722 etiamsi
351 1687 395 1720 et
431 1685 532 1720 ante
564 1678 855 1719 vulnerarunt
881 1679 1025 1731 posita
1054 1678 1136 1728 sit,
1177 1685 1373 1733 apertum
1408 1684 1500 1727 est,
1539 1689 1608 1716 se-

150 1758 292 1800 cundo
329 1756 428 1799 loco
467 1755 706 1798 tollendam
754 1755 919 1808 fuisse,
972 1770 1083 1808 non,
1131 1763 1180 1796 ut
1217 1756 1414 1797 fecerunt
1457 1755 1606 1802 ceteri,

150 1837 312 1892 priore.
379 1835 467 1878 Sed
502 1849 585 1890 quo
615 1835 756 1891 magis
785 1834 900 1897 hunc
928 1833 1072 1876 locum
1102 1834 1400 1886 consideravi,
1430 1849 1484 1875 eo
1517 1849 1608 1875 ma-

152 1914 222 1970 gis
251 1915 407 1969 patuit,
436 1913 629 1953 nondum
659 1927 759 1954 eum
789 1927 886 1954 esse
916 1927 996 1954 nec
1027 1928 1052 1954 a
1070 1911 1324 1962 Gai-atomo,
1352 1913 1425 1966 qui
1443 1911 1607 1953 Aldum

155 1991 376 2045 seqnitur,
408 2003 489 2030 nec
518 2003 544 2030 a
568 2003 637 2030 me
668 1999 962 2042 persanatum.
1043 1989 1156 2032 Nam
1188 1998 1234 2030 ut
1265 1988 1379 2047 falsa
1408 1998 1474 2029 est
1503 1989 1610 2032 olim

156 2066 362 2123 vulgata,
413 2065 552 2106 multo
594 2066 768 2121 quidem
811 2069 952 2122 magis
998 2068 1257 2121 negatione,
1310 2075 1357 2108 ut
1398 2067 1510 2120 feci,
1562 2070 1608 2110 in

157 2158 284 2186 suum
314 2142 458 2185 locum
498 2143 702 2196 reducta,
744 2153 890 2186 tamen
929 2153 973 2186 et
1015 2147 1294 2201 transpositio
1339 2144 1420 2187 illa
1459 2155 1610 2189 contra

160 2232 391 2278 utrumque
419 2221 615 2263 codicum
642 2223 853 2264 familiam
882 2223 998 2264 facta
1025 2223 1340 2264 dubitationem
1370 2222 1526 2275 habet,
1567 2232 1611 2266 et

156 2301 323 2351 orati03
358 2313 457 2340 nam
491 2303 666 2340 etiamst·
703 2313 728 2341 e
766 2314 815 2342 re
849 2300 1029 2356 publica
1065 2308 1108 2341 et
1140 2302 1186 2342 in
1220 2300 1517 2347 Garatoniana
1547 2302 1611 2345 le-

156 2379 298 2420 ctione
318 2377 360 2432 l)
398 2384 442 2418 et
479 2375 617 2418 multo
660 2380 800 2436 magis
838 2381 885 2421 in
932 2393 1031 2421 mea
1063 2381 1305 2422 arctissime
1343 2382 1611 2438 iungendum

243 2499 307 2545 qui
332 2499 460 2545 paucis
487 2499 581 2535 locis
605 2498 761 2545 inspecti
787 2503 894 2542 sunt,
930 2511 1135 2546 segregare
1156 2501 1298 2543 voluit,
1335 2514 1517 2547 nusquam
1544 2517 1610 2539 no-

248 2565 366 2594 tatam
394 2572 474 2595 esse
502 2562 706 2596 verborum
736 2561 1077 2607 transpositionem.
1129 2562 1277 2598 Similia
1294 2564 1331 2598 in
1360 2566 1492 2601 ceteris
1520 2568 1612 2603 locis

249 2620 323 2654 dici
349 2626 512 2666 possunt.

182 2682 221 2726 ²)
247 2683 372 2728 Quum
411 2682 511 2718 enim
545 2684 690 2719 etiamsi
712 2684 872 2719 verbum
906 2695 980 2719 non
1015 2685 1178 2728 habent,
1216 2697 1404 2720 assumere
1430 2688 1541 2722 debet
1568 2700 1611 2724 ex

254 2753 300 2777 ea
321 2744 528 2787 sententia,
555 2745 593 2780 in
620 2757 694 2792 qua
717 2750 772 2780 est
797 2749 941 2788 tamen3
976 2752 1156 2792 praeterea
1182 2749 1227 2782 ad
1255 2749 1348 2789 hoc,
1386 2749 1482 2792 quod
1509 2761 1611 2783 com-

254 2803 418 2839 muniter
443 2806 488 2839 de
511 2807 684 2842 omnibns
710 2807 841 2842 diebus
876 2807 1083 2854 accipitur,
1117 2820 1190 2843 non
1220 2813 1340 2853 potest
1365 2809 1520 2844 verbum
1552 2821 1612 2846 rc-

258 2861 335 2906 peti
361 2874 404 2899 ex
426 2866 611 2902 cententio
635 2868 816 2907 relativa.
844 2869 881 2903 in
908 2881 981 2913 qna
1010 2870 1055 2903 de
1085 2880 1157 2904 uno
1185 2868 1243 2902 die
1269 2869 1414 2904 (licitur.
