1981 3390
0 752 1 779 l

0 781 2 800 r

1465 250 1559 298 195

181 385 269 412 rem
302 369 492 423 appellat
520 381 642 417 eam,
675 380 758 422 qua
792 367 906 421 apud
942 366 1112 407 Laecam
1147 365 1337 407 Catilina
1372 369 1551 419 fuisset,
1586 380 1625 410 et

178 449 300 489 illa-m
331 452 521 496 noctem,
573 458 657 499 quo
704 443 831 484 modo
874 458 959 484 non
1005 444 1203 485 videatur
1233 444 1456 486 locuturus
1491 446 1626 486 fuisse

181 526 392 573 de,nocte
427 537 504 572 en,
538 535 631 577 quae
664 522 805 573 diem,
851 536 936 577 quo
968 523 1105 563 oratio
1138 520 1395 573 haberetur,
1424 524 1626 578 proxime

180 601 465 656 praecederet,
515 613 643 654 quum
674 601 912 654 pra-sertim
945 615 979 640 c.
1011 599 1045 650 Ι,
1073 602 1096 641 1
1124 603 1369 653 proximam
1400 608 1570 640 noctem
1603 615 1628 640 a

176 682 401 734 superlore
440 677 694 731 distinguat.
776 676 885 718 Veri
926 676 1087 718 similia
1131 677 1220 717 haec
1259 685 1360 717 sunt
1400 686 1442 717 et
1483 686 1626 719 tamen

178 771 359 807 vereor,
390 770 444 796 ne
479 754 668 795 fallacia.
727 753 839 795 Nam
872 756 916 795 in
946 757 1141 796 oratione
1176 754 1386 806 secunda,
1426 770 1520 810 quae
1551 756 1627 797 ha-

178 835 270 876 bita
312 841 378 875 est
423 834 623 888 proximo
666 832 734 872 die
780 840 877 887 post
916 834 1098 887 primam
1145 835 1201 882 (c.
1229 834 1257 872 3
1289 841 1427 883 extr„
1467 836 1520 883 6,
1557 835 1626 884 12)

178 921 327 968 aperte
358 910 511 952 Cicero
551 925 588 951 c.
618 912 671 960 6,
706 911 760 950 12
800 910 980 949 insidias
1014 908 1095 948 sibi
1127 909 1263 949 factas
1296 910 1399 949 dicit
1420 914 1625 964 proximo

177 990 391 1044 superiori
433 988 502 1028 die
548 1001 701 1032 mane,
755 1001 829 1037 eo,
877 999 960 1039 quo
991 988 1129 1041 prima
1172 987 1310 1026 oratio
1359 985 1508 1027 habita
1549 996 1626 1027 est.

177 1065 414 1117 (Hesterno
451 1065 548 1114 dle,
590 1077 713 1118 quum
755 1063 871 1104 doma·
901 1069 1005 1104 meae'
1027 1076 1158 1118 pcene
1189 1062 1449 1113 -e‘nletfeclecs
1482 1078 1627 1114 essem,

175 1148 368 1184 senatum
403 1146 448 1182 e’n
480 1142 610 1182 cedem
647 1142 769 1182 Iore‘s
811 1139 1002 1181 ›S'lalore's
1045 1145 1284 1181 convocavi
1321 1151 1402 1182 etc.
1475 1141 1628 1197 Neque

178 1221 294 1261 enim
327 1218 420 1260 ulla
451 1220 811 1272 interpunctionis
846 1220 914 1268 vi,
950 1233 1033 1273 quo
1063 1220 1322 1273 interpretes
1357 1220 1628 1275 confugiunt,

179 1296 291 1338 effici
330 1305 494 1352 potest,
542 1306 586 1336 ut
629 1311 714 1336 non
753 1296 831 1352 illa
871 1298 1077 1350 temporis
1123 1299 1289 1337 notatio
1322 1297 1520 1338 hesterno
1555 1297 1626 1337 ‹Ie‘e

177 1376 394 1429 pertineat
434 1375 563 1414 etiam
605 1374 656 1414 ad
690 1375 988 1428 interpositam
1021 1376 1303 1415 sententiam:
1348 1387 1471 1429 quum
1514 1374 1630 1414 domo·

177 1465 281 1493 meae
311 1456 414 1500 etc.)
438 1453 492 1501 ¹).
557 1451 611 1491 Et
644 1453 686 1491 in
720 1451 870 1491 eadem
903 1453 1098 1491 oratione
1132 1466 1167 1492 c.
1195 1453 1223 1492 3
1248 1461 1362 1492 extr.
1392 1455 1628 1506 superioris

179 1533 320 1570 uocle's
363 1527 546 1569 consilia
592 1527 947 1568 Catilinariorum
1000 1537 1333 1579 commemorat,
1374 1542 1466 1583 quie
1507 1527 1635 1576 illius,

178 1615 417 1647 conventus
450 1613 572 1654 sunt,
622 1607 694 1660 qui
734 1607 938 1660 quoniam
982 1608 1025 1645 in
1068 1605 1149 1646 hac
1181 1607 1377 1646 oratione
1407 1608 1630 1659 superlore

178 1689 304 1724 nocte
334 1681 506 1723 habitus
532 1682 714 1733 dicitur,
744 1684 962 1738 sequitur,
996 1691 1042 1722 ut
1073 1685 1278 1736 proxima
1310 1681 1409 1723 ante
1439 1683 1629 1736 priorem

179 1762 418 1801 orationem
448 1759 620 1801 habitus
653 1762 722 1801 sit.
778 1759 890 1801 Nam
923 1769 969 1800 ut
1000 1760 1089 1801 haec
1121 1765 1318 1815 superior
1349 1774 1438 1800 nox
1474 1761 1529 1800 sit
1563 1774 1630 1810 ea,

178 1851 271 1893 quae
301 1839 345 1878 in
377 1839 525 1892 primae
558 1839 909 1879 orationisinitio
930 1842 1152 1892 praefinite,
1172 1840 1400 1892 >posterior
1418 1846 1627 1878 nocturno

179 1914 259 1956 illo
293 1923 510 1956 conventu
544 1915 676 1970 (quod
707 1916 929 1956 Ferratius
959 1919 1127 1970 putat),
1168 1914 1264 1956 fieri
1309 1917 1480 1969 nequit,
1524 1927 1627 1968 quo·

182 1994 298 2033 niam
329 1991 452 2032 nulla
485 1993 569 2032 nisi
601 1992 721 2032 illius
754 1995 954 2033 nocturni
985 2000 1224 2033 conventus
1259 1991 1441 2032 consilia
1474 1991 1526 2031 ad
1557 1989 1628 2030 Ci-

183 2082 383 2110 ceronem
428 2067 572 2108 delata
612 2076 654 2108 et
695 2070 805 2123 apud
852 2078 1049 2110 senatum
1094 2070 1137 2108 in
1169 2068 1257 2108 aede
1290 2067 1409 2108 Iovis
1444 2068 1629 2108 Statoris

182 2147 386 2201 exposita
419 2153 532 2185 sunt.
589 2143 681 2185 Nec
714 2145 805 2186 ullo
836 2146 963 2187 modo
994 2144 1220 2201 probabile
1246 2154 1326 2196 est,
1359 2144 1628 2195 Ciceronem,

180 2222 329 2263 habito
367 2221 444 2262 illo
485 2231 694 2263 nocturno
736 2232 952 2264 conventu
986 2223 1264 2278 consiliisque
1305 2222 1357 2263 ad
1397 2236 1444 2262 se
1484 2222 1630 2261 statim

181 2299 338 2340 delatis
381 2299 592 2354 factisque
629 2298 713 2340 sibi
748 2301 898 2341 eadem
939 2308 1065 2340 nocte
1106 2300 1302 2349 insidiis,
1341 2299 1455 2340 diem
1497 2299 1628 2339 inter-

181 2377 352 2418 misisse
385 2390 435 2417 ac
466 2383 556 2416 tum
596 2377 767 2418 demum
802 2386 999 2418 senatum
1038 2391 1317 2418 convocasse.
1387 2376 1460 2417 sic
1495 2377 1629 2430 igitur

180 2461 433 2505 statuemus,
464 2455 584 2509 ipso,
623 2456 695 2509 qui
728 2455 850 2496 illam
887 2463 1056 2496 noctem
1088 2464 1129 2497 et
1161 2462 1421 2496 conventum
1454 2462 1628 2494 secutus

181 2539 271 2582 est,
311 2531 406 2581 die,
458 2531 503 2572 id
540 2539 606 2572 est
641 2531 729 2574 VII
774 2532 835 2574 Id.
875 2532 1112 2575 Novembr.
1145 2535 1188 2585 (7
1216 2531 1401 2583 Noxbr.)
1432 2540 1628 2572 senatum

204 2676 243 2717 ¹)
271 2674 356 2719 Ipsa
378 2675 494 2708 verba
520 2674 572 2708 sic
597 2678 818 2720 comparata
839 2679 949 2717 sunt,
989 2679 1029 2710 ut
1065 2674 1162 2709 nihil
1191 2675 1236 2709 ad
1264 2684 1308 2708 ea
1333 2674 1519 2722 pertineat
1547 2682 1630 2706 cor-

272 2733 421 2778 ruptela
439 2735 607 2779 proxime
631 2737 863 2777 antecedens,
889 2747 1001 2781 quam
1023 2736 1161 2770 notavi.
1213 2737 1306 2770 Nam
1331 2735 1466 2780 quievit
1492 2734 1632 2768 falsum

275 2798 352 2835 θείς
386 2795 453 2828 ivit
487 2807 530 2830 ex
557 2796 782 2842 interpolato
808 2797 936 2831 vodice
969 2800 1159 2842 sumptum
1196 2795 1363 2840 vestigiis
1398 2793 1631 2838 reliquorum

282 2855 524 2898 com-guitur,
555 2856 623 2891 etsi
652 2857 773 2901 ipsum
802 2858 1028 2903 reprehendi
1057 2868 1127 2891 non
1156 2859 1287 2900 potest.

1299 2925 1366 2959 13·
