1981 3390
404 241 502 291 292

339 363 467 415 statl)
511 359 654 409 Quod
668 373 796 415 quum
811 360 1026 400 triumviri
1040 372 1134 400 cum
1147 360 1417 413 gravissimis
1429 372 1542 413 saepe
1555 361 1725 400 iniuriis
1738 370 1780 401 et

339 437 648 480 vexationibus
668 436 819 487 Italiae,
854 451 980 490 quam
993 436 1205 476 fastidiosi
1222 444 1311 475 tum
1325 438 1510 476 victores
1525 436 1684 476 milites
1696 451 1781 477 non

338 516 429 555 fere
463 514 764 563 excedebant,
800 515 937 552 secuti
967 522 1135 562 essent,
1166 515 1473 566 imperatorum
1505 521 1656 563 aetate,
1685 526 1782 567 per-

336 594 478 647 petuis
518 594 602 632 iam
648 589 913 630 exercitibus
954 602 1030 641 per
1064 590 1312 641 provincias
1345 598 1486 630 castra
1518 589 1781 638 tenentibus,

339 670 383 707 in
425 677 585 708 certam
627 668 810 706 formam
853 664 934 703 hoc
968 664 1155 704 militum
1194 674 1292 719 post
1324 668 1572 706 missionem
1613 675 1782 706 susten-

339 746 565 785 tandorum
603 755 741 798 genus
772 741 993 781 redactum
1035 749 1077 780 et
1106 755 1182 794 per
1227 756 1375 782 omnes
1405 744 1649 796 provincias
1682 757 1782 796 pro-

336 829 542 877 pagatum
565 828 643 860 est.
702 819 769 859 De
794 832 876 873 quo
898 818 1103 857 universo
1117 832 1276 872 genere
1290 818 1399 858 nihil
1415 827 1496 869 est,
1530 818 1642 872 quod
1659 818 1784 872 plura

340 899 503 945 dicam3
533 910 632 937 nam
665 897 824 936 civium
844 897 940 935 iura
959 894 1038 934 hos
1059 894 1236 935 colonos
1254 894 1474 945 habuisse,
1504 908 1596 950 quoe
1613 895 1784 948 quidem

336 975 415 1015 illo
440 984 632 1029 tempore
651 979 943 1027 superessent,
965 980 1093 1012 antea
1111 974 1151 1023 2)
1184 973 1302 1020 dixi3
1335 972 1519 1012 formam
1548 979 1691 1011 autem
1715 972 1782 1012 rei

337 1051 627 1105 municipalis,
660 1063 752 1103 quae
765 1050 1071 1102 imperatorum
1082 1048 1347 1102 temporibus
1359 1049 1505 1098 fuerit,
1530 1049 1783 1089 institutave

340 1128 548 1170 militaria
573 1140 658 1167 non
689 1139 874 1180 expono.
938 1124 1082 1179 Atque
1110 1125 1176 1164 hae
1202 1134 1330 1175 sunt,
1364 1136 1480 1179 quae,
1511 1133 1558 1164 ut
1590 1123 1785 1165 Siculum

337 1205 541 1247 Flaccum
555 1212 595 1244 et
613 1204 865 1244 Frontinum
880 1203 1089 1251 omittam,
1103 1216 1127 1241 a
1142 1201 1283 1242 Plinio
1296 1210 1572 1241 recensentur
1587 1201 1785 1250 coloniae3

339 1284 413 1336 qui
440 1281 553 1336 quod
582 1280 796 1320 interdum
821 1277 1012 1318 colonias
1043 1286 1085 1316 et
1105 1279 1262 1317 civium
1292 1277 1584 1318 Romanorum
1614 1277 1787 1331 oppida,

341 1358 522 1413 quibus,
552 1370 683 1410 quum
712 1356 944 1410 peregrina
973 1355 1182 1404 fuissent,
1212 1354 1312 1399 data
1340 1362 1432 1394 erat
1462 1354 1632 1403 civitas,
1661 1361 1709 1392 ut
1740 1354 1786 1393 in

339 1435 554 1488 Hispania
594 1432 742 1473 multis
787 1434 874 1472 iam
908 1431 961 1471 ab
1000 1430 1112 1470 Iulio
1149 1429 1346 1479 Caesare,
1388 1432 1618 1484 separatim
1648 1430 1787 1470 nomi-

339 1521 439 1562 nat,
495 1510 617 1551 velut
658 1508 748 1559 III,
795 1510 848 1558 3,
899 1511 927 1548 4
966 1509 1011 1548 in
1050 1522 1228 1548 recensu
1266 1507 1519 1561 oppidorum
1561 1507 1786 1560 Hispaniae

343 1589 556 1630 citerioris
593 1588 716 1638 (nam
744 1585 795 1624 de
829 1600 881 1625 ea
910 1599 958 1625 re
987 1585 1199 1624 dicturum
1220 1599 1286 1624 me
1307 1585 1504 1636 promisi)
1528 1585 1596 1635 ³),
1626 1583 1670 1622 id
1701 1595 1787 1622 non

341 1667 394 1707 ad
426 1665 607 1704 inferius
651 1661 921 1716 coloniarum
961 1661 1027 1700 ius
1058 1660 1280 1714 publicum
1317 1661 1560 1714 pertinere,
1589 1659 1664 1699 sed
1695 1667 1789 1698 tan-

343 1751 434 1783 tum
465 1742 517 1782 ad
547 1739 855 1793 distinguenda
883 1737 1063 1792 oppida,
1099 1738 1211 1791 quod
1246 1751 1329 1776 non
1362 1735 1516 1775 inutile
1551 1743 1657 1785 erat,
1686 1749 1790 1789 quo·⁴

342 1821 458 1860 niam
500 1815 549 1858 in'
584 1819 754 1856 interna
787 1830 874 1856 sua:
907 1815 970 1854 rei
1010 1814 1383 1853 administratione
1414 1812 1576 1867 aliquid
1606 1813 1789 1852 fortasse

339 1897 505 1951 proprii
545 1892 763 1934 habebant
801 1892 981 1932 coloniae
1017 1890 1251 1941 militares,
1293 1898 1410 1942 patet
1453 1904 1511 1930 ex
1558 1903 1634 1939 eo,
1675 1887 1789 1943 quod

341 1986 534 2026 semper,
585 1970 810 2025 dignitatis
857 1969 1006 2008 ordine
1047 1967 1300 2022 oppidorum
1342 1981 1504 2024 genera
1542 1967 1790 2020 disponenS,

365 2106 404 2148 ²)
433 2105 527 2148 App·
555 2104 598 2137 Β.
629 2102 669 2135 C.
696 2102 735 2143 Ι,
761 2101 827 2143 96,
852 2101 942 2143 100;
969 2102 1026 2143 ΙΙ,
1048 2101 1136 2142 140,
1161 2101 1240 2135 141.
1290 2100 1371 2135 Liv.
1400 2099 1485 2145 epit.
1513 2099 1559 2134 99
1586 2103 1655 2134 etc.

367 2167 406 2207 2)
431 2166 473 2198 P.
510 2164 589 2197 217.
645 2163 771 2195 Unum
805 2162 1012 2206 attingam,
1047 2163 1145 2206 quod
1170 2163 1217 2196 ad
1251 2162 1428 2195 Sullanas
1457 2160 1627 2205 pertinet.
1694 2158 1792 2192 Con·

434 2225 590 2257 cludunt
617 2234 657 2255 ex
684 2222 758 2256 Cic.
794 2234 859 2267 pro
895 2223 990 2257 Sull.
1016 2235 1046 2257 c.
1075 2222 1144 2264 21,
1181 2233 1243 2256 eas
1268 2222 1456 2256 interdum
1489 2221 1542 2254 sic
1575 2218 1793 2253 constitutas

436 2295 527 2323 esse,
553 2288 594 2316 ut
615 2282 791 2315 disiuncti
816 2282 940 2315 coloni
959 2294 981 2316 a
1007 2283 1195 2316 veteribus
1222 2282 1384 2315 ciusdem
1409 2281 1536 2326 oppidi
1563 2279 1694 2313 incolis
1713 2288 1794 2310 ma-

437 2347 579 2376 nerent.
642 2342 683 2374 Id
712 2347 858 2381 tamen,
896 2353 1010 2384 quum
1045 2342 1195 2385 utrique
1221 2341 1318 2374 cives
1347 2346 1490 2380 essent,
1524 2340 1584 2371 vix
1618 2337 1700 2371 fieri
1727 2348 1791 2380 po-

435 2402 531 2442 tuit3
572 2411 640 2433 nec
679 2400 809 2433 Cicero
846 2400 890 2432 de
918 2400 1065 2433 colonia
1090 2400 1287 2444 Pompeios
1313 2400 1470 2432 deducta
1495 2399 1559 2431 sed
1584 2397 1629 2429 de
1654 2396 1794 2430 colonis

437 2463 471 2496 ci
507 2460 644 2504 oppido
677 2460 807 2493 vicinis
846 2459 948 2503 loqui
983 2459 1154 2497 videtum
1192 2458 1356 2502 alioquin
1385 2458 1624 2501 Pompeianos
1659 2461 1795 2489 veteres

441 2521 690 2566 appellasset,
736 2524 772 2553 et
797 2520 946 2553 colonos
983 2530 1127 2562 quoquc
1154 2518 1392 2561 Pompeianos
1419 2518 1667 2557 nominasset,
1698 2515 1795 2560 quod

439 2593 511 2615 non
548 2579 650 2614 facit.
717 2581 958 2624 (ignorantur
1002 2579 1082 2610 scre
1118 2578 1351 2611 coloniarum
1384 2576 1625 2611 Sullanarum
1662 2577 1795 2618 sedes.)

440 2640 589 2684 [Orcllii
626 2644 752 2673 notam
786 2640 932 2673 Walter
962 2651 996 2682 p.
1033 2638 1101 2672 273
1135 2643 1208 2671 not.
1247 2639 1346 2672 male
1384 2638 1590 2678 intellexit;
1638 2648 1711 2670 non
1749 2636 1794 2669 de

439 2699 704 2736 certaminibus
730 2699 825 2733 inter
851 2702 995 2732 veteres
1024 2702 1061 2732 et
1084 2709 1197 2731 novos
1224 2698 1493 2743 Pompeianos,
1522 2699 1585 2732 sed
1612 2698 1658 2731 de
1673 2701 1792 2732 certa-

437 2762 602 2795 minibus
622 2759 935 2804 Pompeianorum
960 2758 1219 2793 universorum
1242 2757 1338 2793 inter
1361 2769 1399 2793 sc
1425 2757 1619 2803 loquitur-J.

376 2823 411 2864 3)
438 2822 560 2867 Supra
587 2833 622 2866 p.
649 2819 727 2855 248.
1486 2826 1501 2834 ‘
