<?xml version="1.0" encoding="UTF-8"?>
<!DOCTYPE html PUBLIC "-//W3C//DTD XHTML 1.0 Transitional//EN"
    "http://www.w3.org/TR/xhtml1/DTD/xhtml1-transitional.dtd">
<html xmlns="http://www.w3.org/1999/xhtml" xml:lang="en" lang="en">
 <head>
  <title>
</title>
<meta http-equiv="Content-Type" content="text/html;charset=utf-8" />
  <meta name='ocr-system' content='tesseract 3.04.00' />
  <meta name='ocr-capabilities' content='ocr_page ocr_carea ocr_par ocr_line ocrx_word'/>
</head>
<body>
  <div class='ocr_page' id='page_1' title='image "./ionicolaimadvigi01madvuoft_0153.png"; bbox 0 0 1981 3390; ppageno 0'>
   <div class='ocr_carea' id='block_1_1' title="bbox 0 0 39 2120">
    <p class='ocr_par' dir='ltr' id='par_1_1' title="bbox 0 0 39 2120">
     <span class='ocr_line' id='line_1_1' title="bbox 0 0 39 2120; baseline 0 0"><span class='ocrx_word' id='word_1_1' title='bbox 0 0 39 2120; x_wconf 95' lang='lat' dir='ltr'><strong> </strong></span> 
     </span>
    </p>
   </div>
   <div class='ocr_carea' id='block_1_2' title="bbox 1459 227 1546 275">
    <p class='ocr_par' dir='ltr' id='par_1_2' title="bbox 1459 227 1546 275">
     <span class='ocr_line' id='line_1_2' title="bbox 1459 227 1546 275; baseline 0 0"><span class='ocrx_word' id='word_1_2' title='bbox 1459 227 1546 275; x_wconf 70' lang='lat'><strong>1⁴1</strong></span> 
     </span>
    </p>
   </div>
   <div class='ocr_carea' id='block_1_3' title="bbox 150 346 1618 2270">
    <p class='ocr_par' dir='ltr' id='par_1_3' title="bbox 150 346 1618 1338">
     <span class='ocr_line' id='line_1_3' title="bbox 150 346 1617 402; baseline -0.002 -10"><span class='ocrx_word' id='word_1_3' title='bbox 150 352 386 392; x_wconf 75' lang='lat' dir='ltr'><strong>&#39;neminem</strong></span> <span class='ocrx_word' id='word_1_4' title='bbox 431 346 742 402; x_wconf 79' lang='lat' dir='ltr'><strong>interpretandi</strong></span> <span class='ocrx_word' id='word_1_5' title='bbox 783 359 913 388; x_wconf 76' lang='lat' dir='ltr'><strong>causa</strong></span> <span class='ocrx_word' id='word_1_6' title='bbox 956 346 1200 387; x_wconf 81' lang='lat' dir='ltr'><strong>additurum</strong></span> <span class='ocrx_word' id='word_1_7' title='bbox 1249 346 1410 395; x_wconf 77' lang='lat' dir='ltr'><strong>tuisse,</strong></span> <span class='ocrx_word' id='word_1_8' title='bbox 1453 357 1617 400; x_wconf 80' lang='lat' dir='ltr'><strong>contra,</strong></span> 
     </span>
     <span class='ocr_line' id='line_1_4' title="bbox 169 425 1616 484; baseline -0.001 -15"><span class='ocrx_word' id='word_1_9' title='bbox 169 441 300 484; x_wconf 90' lang='lat' dir='ltr'><strong>quum</strong></span> <span class='ocrx_word' id='word_1_10' title='bbox 333 428 606 481; x_wconf 70' lang='lat' dir='ltr'><strong>imperatoris·</strong></span> <span class='ocrx_word' id='word_1_11' title='bbox 637 426 842 480; x_wconf 82' lang='lat' dir='ltr'><strong>scriptum</strong></span> <span class='ocrx_word' id='word_1_12' title='bbox 874 433 1013 476; x_wconf 87' lang='lat' dir='ltr'><strong>esset,</strong></span> <span class='ocrx_word' id='word_1_13' title='bbox 1040 425 1191 476; x_wconf 79' lang='lat' dir='ltr'><strong>fuisse,</strong></span> <span class='ocrx_word' id='word_1_14' title='bbox 1224 438 1299 465; x_wconf 89' lang='lat' dir='ltr'><strong>cur</strong></span> <span class='ocrx_word' id='word_1_15' title='bbox 1331 425 1426 480; x_wconf 86' lang='lat' dir='ltr'><strong>quis</strong></span> <span class='ocrx_word' id='word_1_16' title='bbox 1460 438 1616 467; x_wconf 88' lang='lat' dir='ltr'><strong>nomen</strong></span> 
     </span>
     <span class='ocr_line' id='line_1_5' title="bbox 167 502 1618 561; baseline -0.002 -14"><span class='ocrx_word' id='word_1_17' title='bbox 167 502 530 561; x_wconf 79' lang='lat' dir='ltr'><strong>superscriberet3</strong></span> <span class='ocrx_word' id='word_1_18' title='bbox 573 503 702 558; x_wconf 81' lang='lat' dir='ltr'><strong>idque</strong></span> <span class='ocrx_word' id='word_1_19' title='bbox 733 502 1071 554; x_wconf 80' lang='lat' dir='ltr'><strong>additamentum</strong></span> <span class='ocrx_word' id='word_1_20' title='bbox 1115 504 1158 543; x_wconf 90' lang='lat' dir='ltr'><strong>in</strong></span> <span class='ocrx_word' id='word_1_21' title='bbox 1199 502 1313 544; x_wconf 92' lang='lat' dir='ltr'><strong>bono</strong></span> <span class='ocrx_word' id='word_1_22' title='bbox 1354 502 1525 554; x_wconf 86' lang='lat' dir='ltr'><strong>codice,</strong></span> <span class='ocrx_word' id='word_1_23' title='bbox 1571 511 1618 544; x_wconf 89' lang='lat' dir='ltr'><strong>ut</strong></span> 
     </span>
     <span class='ocr_line' id='line_1_6' title="bbox 167 580 1616 637; baseline 0 -15"><span class='ocrx_word' id='word_1_24' title='bbox 167 596 279 637; x_wconf 78' lang='lat' dir='ltr'><strong>saepe</strong></span> <span class='ocrx_word' id='word_1_25' title='bbox 314 582 473 622; x_wconf 81' lang='lat' dir='ltr'><strong>factum</strong></span> <span class='ocrx_word' id='word_1_26' title='bbox 514 590 604 633; x_wconf 77' lang='lat' dir='ltr'><strong>est,</strong></span> <span class='ocrx_word' id='word_1_27' title='bbox 645 594 740 622; x_wconf 87' lang='lat' dir='ltr'><strong>cum</strong></span> <span class='ocrx_word' id='word_1_28' title='bbox 782 596 886 622; x_wconf 79' lang='lat' dir='ltr'><strong>vera</strong></span> <span class='ocrx_word' id='word_1_29' title='bbox 926 580 1112 621; x_wconf 82' lang='lat' dir='ltr'><strong>lectione</strong></span> <span class='ocrx_word' id='word_1_30' title='bbox 1144 582 1417 621; x_wconf 83' lang='lat' dir='ltr'><strong>coniunctum</strong></span> <span class='ocrx_word' id='word_1_31' title='bbox 1450 589 1540 631; x_wconf 78' lang='lat' dir='ltr'><strong>ost,</strong></span> <span class='ocrx_word' id='word_1_32' title='bbox 1571 581 1616 622; x_wconf 90' lang='lat' dir='ltr'><strong>in</strong></span> 
     </span>
     <span class='ocr_line' id='line_1_7' title="bbox 166 657 1614 715; baseline -0.001 -15"><span class='ocrx_word' id='word_1_33' title='bbox 166 659 455 700; x_wconf 85' lang='lat' dir='ltr'><strong>deterioribus</strong></span> <span class='ocrx_word' id='word_1_34' title='bbox 490 674 584 700; x_wconf 72' lang='lat' dir='ltr'><strong>catu</strong></span> <span class='ocrx_word' id='word_1_35' title='bbox 619 659 806 715; x_wconf 79' lang='lat' dir='ltr'><strong>expulit.</strong></span> <span class='ocrx_word' id='word_1_36' title='bbox 880 659 946 700; x_wconf 84' lang='lat' dir='ltr'><strong>Ac</strong></span> <span class='ocrx_word' id='word_1_37' title='bbox 976 673 1079 699; x_wconf 80' lang='lat' dir='ltr'><strong>sanc</strong></span> <span class='ocrx_word' id='word_1_38' title='bbox 1112 657 1292 709; x_wconf 84' lang='lat' dir='ltr'><strong>Cicero,</strong></span> <span class='ocrx_word' id='word_1_39' title='bbox 1333 660 1406 713; x_wconf 88' lang='lat' dir='ltr'><strong>qui</strong></span> <span class='ocrx_word' id='word_1_40' title='bbox 1438 659 1491 699; x_wconf 84' lang='lat' dir='ltr'><strong>de</strong></span> <span class='ocrx_word' id='word_1_41' title='bbox 1523 657 1614 699; x_wconf 89' lang='lat' dir='ltr'><strong>Lu-</strong></span> 
     </span>
     <span class='ocr_line' id='line_1_8' title="bbox 164 733 1614 788; baseline 0 -10"><span class='ocrx_word' id='word_1_42' title='bbox 164 733 280 778; x_wconf 86' lang='lat' dir='ltr'><strong>cullo&#39;</strong></span> <span class='ocrx_word' id='word_1_43' title='bbox 313 737 423 778; x_wconf 88' lang='lat' dir='ltr'><strong>nibil</strong></span> <span class='ocrx_word' id='word_1_44' title='bbox 449 737 677 778; x_wconf 85' lang='lat' dir='ltr'><strong>detrahere</strong></span> <span class='ocrx_word' id='word_1_45' title='bbox 714 738 850 778; x_wconf 80' lang='lat' dir='ltr'><strong>videri</strong></span> <span class='ocrx_word' id='word_1_46' title='bbox 883 737 1005 788; x_wconf 81' lang='lat' dir='ltr'><strong>vult,</strong></span> <span class='ocrx_word' id='word_1_47' title='bbox 1051 737 1095 777; x_wconf 91' lang='lat' dir='ltr'><strong>in</strong></span> <span class='ocrx_word' id='word_1_48' title='bbox 1123 736 1202 776; x_wconf 87' lang='lat' dir='ltr'><strong>hac</strong></span> <span class='ocrx_word' id='word_1_49' title='bbox 1237 735 1482 777; x_wconf 79' lang='lat' dir='ltr'>calamitate</span> <span class='ocrx_word' id='word_1_50' title='bbox 1517 751 1614 778; x_wconf 82' lang='lat' dir='ltr'><strong>nat·-</strong></span> 
     </span>
     <span class='ocr_line' id='line_1_9' title="bbox 161 814 1615 870; baseline -0.001 -14"><span class='ocrx_word' id='word_1_51' title='bbox 161 816 297 857; x_wconf 74' lang='lat' dir='ltr'><strong>tanda</strong></span> <span class='ocrx_word' id='word_1_52' title='bbox 339 817 433 857; x_wconf 83' lang='lat' dir='ltr'><strong>eius</strong></span> <span class='ocrx_word' id='word_1_53' title='bbox 476 817 651 857; x_wconf 89' lang='lat' dir='ltr'><strong>nomine</strong></span> <span class='ocrx_word' id='word_1_54' title='bbox 694 815 930 861; x_wconf 72' lang='lat' dir='ltr'><strong>abstinuit,</strong></span> <span class='ocrx_word' id='word_1_55' title='bbox 985 814 1098 870; x_wconf 88' lang='lat' dir='ltr'><strong>quod</strong></span> <span class='ocrx_word' id='word_1_56' title='bbox 1151 815 1296 853; x_wconf 79' lang='lat' dir='ltr'><strong>statim</strong></span> <span class='ocrx_word' id='word_1_57' title='bbox 1336 823 1434 867; x_wconf 72' lang='lat' dir='ltr'><strong>apte</strong></span> <span class='ocrx_word' id='word_1_58' title='bbox 1477 816 1615 868; x_wconf 81' lang='lat' dir='ltr'><strong>pouit,</strong></span> 
     </span>
     <span class='ocr_line' id='line_1_10' title="bbox 162 891 1613 947; baseline -0.002 -12"><span class='ocrx_word' id='word_1_59' title='bbox 162 894 238 935; x_wconf 86' lang='lat' dir='ltr'><strong>sed</strong></span> <span class='ocrx_word' id='word_1_60' title='bbox 269 895 354 945; x_wconf 84' lang='lat' dir='ltr'><strong>ita,</strong></span> <span class='ocrx_word' id='word_1_61' title='bbox 383 901 429 934; x_wconf 89' lang='lat' dir='ltr'><strong>ut</strong></span> <span class='ocrx_word' id='word_1_62' title='bbox 459 895 501 933; x_wconf 92' lang='lat' dir='ltr'><strong>in</strong></span> <span class='ocrx_word' id='word_1_63' title='bbox 534 892 716 947; x_wconf 82' lang='lat' dir='ltr'><strong>vulgata</strong></span> <span class='ocrx_word' id='word_1_64' title='bbox 749 894 962 947; x_wconf 83' lang='lat' dir='ltr'><strong>scriptura</strong></span> <span class='ocrx_word' id='word_1_65' title='bbox 994 891 1196 944; x_wconf 84' lang='lat' dir='ltr'><strong>repetitio</strong></span> <span class='ocrx_word' id='word_1_66' title='bbox 1230 891 1437 930; x_wconf 81' lang='lat' dir='ltr'><strong>offendat.</strong></span> <span class='ocrx_word' id='word_1_67' title='bbox 1513 891 1613 946; x_wconf 78' lang='lat' dir='ltr'><strong>Ipsa</strong></span> 
     </span>
     <span class='ocr_line' id='line_1_11' title="bbox 161 967 1613 1027; baseline -0.002 -15"><span class='ocrx_word' id='word_1_68' title='bbox 161 985 332 1027; x_wconf 88' lang='lat' dir='ltr'><strong>quoque</strong></span> <span class='ocrx_word' id='word_1_69' title='bbox 385 972 611 1012; x_wconf 75' lang='lat' dir='ltr'>sementim</span> <span class='ocrx_word' id='word_1_70' title='bbox 661 971 772 1011; x_wconf 80' lang='lat' dir='ltr'><strong>ratio</strong></span> <span class='ocrx_word' id='word_1_71' title='bbox 816 967 1088 1024; x_wconf 78' lang='lat' dir='ltr'><strong>postulabat,</strong></span> <span class='ocrx_word' id='word_1_72' title='bbox 1143 976 1189 1008; x_wconf 88' lang='lat' dir='ltr'><strong>ut</strong></span> <span class='ocrx_word' id='word_1_73' title='bbox 1226 969 1269 1008; x_wconf 91' lang='lat' dir='ltr'><strong>in</strong></span> <span class='ocrx_word' id='word_1_74' title='bbox 1314 969 1613 1023; x_wconf 78' lang='lat' dir='ltr'><strong>magnitudine</strong></span> 
     </span>
     <span class='ocr_line' id='line_1_12' title="bbox 159 1045 1612 1104; baseline -0.003 -14"><span class='ocrx_word' id='word_1_75' title='bbox 159 1049 422 1090; x_wconf 85' lang='lat' dir='ltr'><strong>incommodi</strong></span> <span class='ocrx_word' id='word_1_76' title='bbox 464 1049 750 1104; x_wconf 78' lang='lat' dir='ltr'><strong>exprimenda</strong></span> <span class='ocrx_word' id='word_1_77' title='bbox 792 1048 968 1088; x_wconf 86' lang='lat' dir='ltr'><strong>notione</strong></span> <span class='ocrx_word' id='word_1_78' title='bbox 1017 1045 1213 1102; x_wconf 80' lang='lat' dir='ltr'><strong>generali</strong></span> <span class='ocrx_word' id='word_1_79' title='bbox 1265 1055 1486 1097; x_wconf 83' lang='lat' dir='ltr'><strong>uteretur,</strong></span> <span class='ocrx_word' id='word_1_80' title='bbox 1525 1061 1612 1087; x_wconf 88' lang='lat' dir='ltr'><strong>non</strong></span> 
     </span>
     <span class='ocr_line' id='line_1_13' title="bbox 159 1117 1611 1183; baseline -0.002 -14"><span class='ocrx_word' id='word_1_81' title='bbox 159 1129 333 1169; x_wconf 91' lang='lat' dir='ltr'><strong>nomine</strong></span> <span class='ocrx_word' id='word_1_82' title='bbox 362 1128 553 1183; x_wconf 88' lang='lat' dir='ltr'><strong>proprio.</strong></span> <span class='ocrx_word' id='word_1_83' title='bbox 616 1126 768 1182; x_wconf 86' lang='lat' dir='ltr'><strong>Itaque</strong></span> <span class='ocrx_word' id='word_1_84' title='bbox 810 1138 897 1167; x_wconf 91' lang='lat' dir='ltr'><strong>non</strong></span> <span class='ocrx_word' id='word_1_85' title='bbox 928 1124 1107 1166; x_wconf 88' lang='lat' dir='ltr'><strong>dubium</strong></span> <span class='ocrx_word' id='word_1_86' title='bbox 1143 1138 1239 1165; x_wconf 87' lang='lat' dir='ltr'><strong>esse</strong></span> <span class='ocrx_word' id='word_1_87' title='bbox 1269 1117 1469 1175; x_wconf 69' lang='lat' dir='ltr'><strong>videtur,</strong></span> <span class='ocrx_word' id='word_1_88' title='bbox 1508 1126 1611 1180; x_wconf 90' lang='lat' dir='ltr'><strong>quin</strong></span> 
     </span>
     <span class='ocr_line' id='line_1_14' title="bbox 159 1202 1612 1260; baseline -0.001 -14"><span class='ocrx_word' id='word_1_89' title='bbox 159 1206 206 1246; x_wconf 85' lang='lat' dir='ltr'><strong>in</strong></span> <span class='ocrx_word' id='word_1_90' title='bbox 241 1207 398 1246; x_wconf 85' lang='lat' dir='ltr'><strong>ceteris</strong></span> <span class='ocrx_word' id='word_1_91' title='bbox 429 1219 598 1260; x_wconf 83' lang='lat' dir='ltr'><strong>quoque</strong></span> <span class='ocrx_word' id='word_1_92' title='bbox 628 1203 754 1245; x_wconf 89' lang='lat' dir='ltr'><strong>bonis</strong></span> <span class='ocrx_word' id='word_1_93' title='bbox 790 1202 1011 1245; x_wconf 86' lang='lat' dir='ltr'><strong>codicibus</strong></span> <span class='ocrx_word' id='word_1_94' title='bbox 1042 1203 1218 1255; x_wconf 83' lang='lat' dir='ltr'><strong>eadem,</strong></span> <span class='ocrx_word' id='word_1_95' title='bbox 1256 1216 1350 1258; x_wconf 84' lang='lat' dir='ltr'><strong>quae</strong></span> <span class='ocrx_word' id='word_1_96' title='bbox 1383 1203 1427 1243; x_wconf 93' lang='lat' dir='ltr'><strong>in</strong></span> <span class='ocrx_word' id='word_1_97' title='bbox 1461 1202 1612 1245; x_wconf 79' lang='lat' dir='ltr'><strong>Erfur-</strong></span> 
     </span>
     <span class='ocr_line' id='line_1_15' title="bbox 159 1279 779 1338; baseline -0.002 -15"><span class='ocrx_word' id='word_1_98' title='bbox 159 1284 297 1334; x_wconf 83' lang='lat' dir='ltr'><strong>tensi,</strong></span> <span class='ocrx_word' id='word_1_99' title='bbox 328 1284 541 1338; x_wconf 80' lang='lat' dir='ltr'><strong>scriptura</strong></span> <span class='ocrx_word' id='word_1_100' title='bbox 570 1282 703 1323; x_wconf 86' lang='lat' dir='ltr'><strong>fuerit</strong></span> <span class='ocrx_word' id='word_1_101' title='bbox 723 1279 779 1336; x_wconf 88' lang='grc'><strong>1).</strong></span> 
     </span>
    </p>

    <p class='ocr_par' dir='ltr' id='par_1_4' title="bbox 154 1359 1611 2270">
     <span class='ocr_line' id='line_1_16' title="bbox 280 1359 1610 1415; baseline 0.001 -15"><span class='ocrx_word' id='word_1_102' title='bbox 280 1360 426 1401; x_wconf 86' lang='lat' dir='ltr'><strong>Venio</strong></span> <span class='ocrx_word' id='word_1_103' title='bbox 470 1359 523 1400; x_wconf 79' lang='lat' dir='ltr'><strong>ad</strong></span> <span class='ocrx_word' id='word_1_104' title='bbox 564 1373 638 1400; x_wconf 87' lang='lat' dir='ltr'><strong>eas</strong></span> <span class='ocrx_word' id='word_1_105' title='bbox 680 1360 928 1410; x_wconf 84' lang='lat' dir='ltr'><strong>orationes,</strong></span> <span class='ocrx_word' id='word_1_106' title='bbox 973 1359 1026 1400; x_wconf 85' lang='lat' dir='ltr'><strong>de</strong></span> <span class='ocrx_word' id='word_1_107' title='bbox 1082 1373 1262 1415; x_wconf 86' lang='lat' dir='ltr'><strong>quarum</strong></span> <span class='ocrx_word' id='word_1_108' title='bbox 1307 1359 1610 1401; x_wconf 79' lang='lat' dir='ltr'><strong>emendatione</strong></span> 
     </span>
     <span class='ocr_line' id='line_1_17' title="bbox 158 1436 1610 1491; baseline 0.001 -14"><span class='ocrx_word' id='word_1_109' title='bbox 158 1436 268 1478; x_wconf 85' lang='lat' dir='ltr'><strong>nihil</strong></span> <span class='ocrx_word' id='word_1_110' title='bbox 301 1437 407 1478; x_wconf 82' lang='lat' dir='ltr'><strong>alibi</strong></span> <span class='ocrx_word' id='word_1_111' title='bbox 438 1437 558 1478; x_wconf 77' lang='lat' dir='ltr'><strong>dixi:</strong></span> <span class='ocrx_word' id='word_1_112' title='bbox 624 1437 691 1478; x_wconf 94' lang='lat' dir='ltr'><strong>Ac</strong></span> <span class='ocrx_word' id='word_1_113' title='bbox 722 1438 869 1478; x_wconf 79' lang='lat' dir='ltr'><strong>statim</strong></span> <span class='ocrx_word' id='word_1_114' title='bbox 907 1438 950 1476; x_wconf 92' lang='lat' dir='ltr'><strong>in</strong></span> <span class='ocrx_word' id='word_1_115' title='bbox 980 1438 1122 1491; x_wconf 81' lang='lat' dir='ltr'><strong>prima</strong></span> <span class='ocrx_word' id='word_1_116' title='bbox 1152 1439 1349 1478; x_wconf 80' lang='lat' dir='ltr'><strong>oratione</strong></span> <span class='ocrx_word' id='word_1_117' title='bbox 1381 1439 1423 1477; x_wconf 92' lang='lat' dir='ltr'><strong>in</strong></span> <span class='ocrx_word' id='word_1_118' title='bbox 1457 1436 1610 1479; x_wconf 83' lang='lat' dir='ltr'><strong>Catili-</strong></span> 
     </span>
     <span class='ocr_line' id='line_1_18' title="bbox 155 1513 1609 1570; baseline 0.001 -15"><span class='ocrx_word' id='word_1_119' title='bbox 155 1527 256 1556; x_wconf 82' lang='lat' dir='ltr'><strong>nam</strong></span> <span class='ocrx_word' id='word_1_120' title='bbox 289 1529 325 1556; x_wconf 87' lang='lat' dir='ltr'><strong>c.</strong></span> <span class='ocrx_word' id='word_1_121' title='bbox 354 1516 408 1566; x_wconf 80' lang='lat'><strong>3,</strong></span> <span class='ocrx_word' id='word_1_122' title='bbox 441 1516 470 1555; x_wconf 82' lang='lat'>8</span> <span class='ocrx_word' id='word_1_123' title='bbox 500 1513 702 1555; x_wconf 90' lang='lat' dir='ltr'><strong>obiicitur</strong></span> <span class='ocrx_word' id='word_1_124' title='bbox 729 1513 852 1554; x_wconf 87' lang='lat' dir='ltr'><strong>locus</strong></span> <span class='ocrx_word' id='word_1_125' title='bbox 880 1516 1189 1555; x_wconf 81' lang='lat' dir='ltr'><strong>controversiis</strong></span> <span class='ocrx_word' id='word_1_126' title='bbox 1219 1517 1434 1570; x_wconf 80' lang='lat' dir='ltr'><strong>agitatus,</strong></span> <span class='ocrx_word' id='word_1_127' title='bbox 1463 1517 1536 1570; x_wconf 88' lang='lat' dir='ltr'><strong>qui</strong></span> <span class='ocrx_word' id='word_1_128' title='bbox 1565 1516 1609 1556; x_wconf 89' lang='lat' dir='ltr'><strong>in</strong></span> 
     </span>
     <span class='ocr_line' id='line_1_19' title="bbox 156 1591 1611 1647; baseline 0 -14"><span class='ocrx_word' id='word_1_129' title='bbox 156 1592 348 1633; x_wconf 79' lang='lat' dir='ltr'><strong>editione</strong></span> <span class='ocrx_word' id='word_1_130' title='bbox 381 1591 609 1634; x_wconf 83' lang='lat' dir='ltr'><strong>Orelliana</strong></span> <span class='ocrx_word' id='word_1_131' title='bbox 646 1600 688 1633; x_wconf 90' lang='lat' dir='ltr'><strong>et</strong></span> <span class='ocrx_word' id='word_1_132' title='bbox 717 1591 939 1647; x_wconf 85' lang='lat' dir='ltr'><strong>plerisque</strong></span> <span class='ocrx_word' id='word_1_133' title='bbox 972 1601 1069 1647; x_wconf 84' lang='lat' dir='ltr'><strong>post</strong></span> <span class='ocrx_word' id='word_1_134' title='bbox 1102 1591 1429 1633; x_wconf 45' lang='lat' dir='ltr'><strong>Gruterum&#39;sic</strong></span> <span class='ocrx_word' id='word_1_135' title='bbox 1459 1592 1611 1634; x_wconf 89' lang='lat' dir='ltr'><strong>scribi-</strong></span> 
     </span>
     <span class='ocr_line' id='line_1_20' title="bbox 155 1669 1608 1726; baseline 0.001 -15"><span class='ocrx_word' id='word_1_136' title='bbox 155 1672 250 1712; x_wconf 80' lang='lat' dir='ltr'><strong>tur:</strong></span> <span class='ocrx_word' id='word_1_137' title='bbox 300 1669 434 1711; x_wconf 76' lang='lat' dir='ltr'><strong>Nihil</strong></span> <span class='ocrx_word' id='word_1_138' title='bbox 461 1675 584 1726; x_wconf 74' lang='lat' dir='ltr'><strong>agis,</strong></span> <span class='ocrx_word' id='word_1_139' title='bbox 623 1669 738 1711; x_wconf 76' lang='lat' dir='ltr'><strong>m&#39;lzil</strong></span> <span class='ocrx_word' id='word_1_140' title='bbox 765 1670 956 1720; x_wconf 67' lang='lat' dir='ltr'><strong>moliris,</strong></span> <span class='ocrx_word' id='word_1_141' title='bbox 997 1669 1111 1711; x_wconf 63' lang='lat' dir='ltr'><strong>nihil</strong></span> <span class='ocrx_word' id='word_1_142' title='bbox 1146 1674 1339 1725; x_wconf 74' lang='lat' dir='ltr'><strong>cogitas,</strong></span> <span class='ocrx_word' id='word_1_143' title='bbox 1379 1671 1494 1725; x_wconf 77' lang='lat' dir='ltr'><strong>quod</strong></span> <span class='ocrx_word' id='word_1_144' title='bbox 1529 1685 1608 1726; x_wconf 84' lang='lat' dir='ltr'><strong>ego</strong></span> 
     </span>
     <span class='ocr_line' id='line_1_21' title="bbox 155 1748 1610 1805; baseline 0.001 -16"><span class='ocrx_word' id='word_1_145' title='bbox 155 1760 241 1789; x_wconf 80' lang='lat' dir='ltr'><strong>non</strong></span> <span class='ocrx_word' id='word_1_146' title='bbox 274 1748 396 1789; x_wconf 83' lang='lat' dir='ltr'><strong>modo</strong></span> <span class='ocrx_word' id='word_1_147' title='bbox 440 1762 526 1789; x_wconf 75' lang='lat' dir='ltr'><strong>non</strong></span> <span class='ocrx_word' id='word_1_148' title='bbox 562 1749 759 1800; x_wconf 78' lang='lat' dir='ltr'><strong>andium,</strong></span> <span class='ocrx_word' id='word_1_149' title='bbox 805 1748 884 1789; x_wconf 67' lang='lat' dir='ltr'><strong>sed</strong></span> <span class='ocrx_word' id='word_1_150' title='bbox 915 1752 1044 1789; x_wconf 71' lang='lat' dir='ltr'><strong>elium</strong></span> <span class='ocrx_word' id='word_1_151' title='bbox 1078 1761 1163 1789; x_wconf 80' lang='lat' dir='ltr'><strong>non</strong></span> <span class='ocrx_word' id='word_1_152' title='bbox 1196 1749 1362 1789; x_wconf 72' lang='lat' dir='ltr'><strong>videam</strong></span> <span class='ocrx_word' id='word_1_153' title='bbox 1392 1750 1610 1805; x_wconf 75' lang='lat' dir='ltr'><strong>planeque</strong></span> 
     </span>
     <span class='ocr_line' id='line_1_22' title="bbox 156 1825 1608 1882; baseline 0.001 -16"><span class='ocrx_word' id='word_1_154' title='bbox 156 1829 356 1868; x_wconf 72' lang='lat' dir='ltr'><strong>seutiam.</strong></span> <span class='ocrx_word' id='word_1_155' title='bbox 419 1825 737 1867; x_wconf 78' lang='lat' dir='ltr'><strong>Auctoritatem</strong></span> <span class='ocrx_word' id='word_1_156' title='bbox 757 1825 849 1867; x_wconf 83' lang='lat' dir='ltr'><strong>haec</strong></span> <span class='ocrx_word' id='word_1_157' title='bbox 866 1828 1078 1882; x_wconf 82' lang='lat' dir='ltr'><strong>scriptura</strong></span> <span class='ocrx_word' id='word_1_158' title='bbox 1096 1841 1181 1867; x_wconf 86' lang='lat' dir='ltr'><strong>non</strong></span> <span class='ocrx_word' id='word_1_159' title='bbox 1200 1825 1331 1867; x_wconf 77' lang='lat' dir='ltr'><strong>habet</strong></span> <span class='ocrx_word' id='word_1_160' title='bbox 1345 1826 1608 1868; x_wconf 81' lang='lat' dir='ltr'><strong>nisiCuiacii</strong></span> 
     </span>
     <span class='ocr_line' id='line_1_23' title="bbox 154 1901 1604 1958; baseline 0.001 -15"><span class='ocrx_word' id='word_1_161' title='bbox 154 1901 391 1953; x_wconf 86' lang='lat' dir='ltr'><strong>librorum,</strong></span> <span class='ocrx_word' id='word_1_162' title='bbox 433 1918 615 1958; x_wconf 87' lang='lat' dir='ltr'><strong>quorum</strong></span> <span class='ocrx_word' id='word_1_163' title='bbox 657 1902 767 1945; x_wconf 91' lang='lat' dir='ltr'><strong>fides</strong></span> <span class='ocrx_word' id='word_1_164' title='bbox 800 1905 1016 1945; x_wconf 84' lang='lat' dir='ltr'><strong>interdum</strong></span> <span class='ocrx_word' id='word_1_165' title='bbox 1047 1903 1176 1944; x_wconf 75' lang='lat' dir='ltr'><strong>valde</strong></span> <span class='ocrx_word' id='word_1_166' title='bbox 1210 1913 1412 1958; x_wconf 81' lang='lat' dir='ltr'><strong>suspecta</strong></span> <span class='ocrx_word' id='word_1_167' title='bbox 1443 1912 1530 1952; x_wconf 81' lang='lat' dir='ltr'><strong>est3</strong></span> <span class='ocrx_word' id='word_1_168' title='bbox 1561 1906 1604 1945; x_wconf 91' lang='lat' dir='ltr'><strong>in</strong></span> 
     </span>
     <span class='ocr_line' id='line_1_24' title="bbox 154 1977 1607 2036; baseline 0.003 -17"><span class='ocrx_word' id='word_1_169' title='bbox 154 1977 336 2034; x_wconf 87' lang='lat' dir='ltr'><strong>reliquis</strong></span> <span class='ocrx_word' id='word_1_170' title='bbox 376 1979 576 2020; x_wconf 89' lang='lat' dir='ltr'><strong>omnibus</strong></span> <span class='ocrx_word' id='word_1_171' title='bbox 618 1979 838 2021; x_wconf 86' lang='lat' dir='ltr'><strong>codicibus</strong></span> <span class='ocrx_word' id='word_1_172' title='bbox 879 1979 1185 2036; x_wconf 82' lang='lat' dir='ltr'><strong>veteribusque</strong></span> <span class='ocrx_word' id='word_1_173' title='bbox 1225 1980 1489 2021; x_wconf 86' lang='lat' dir='ltr'><strong>editionibus</strong></span> <span class='ocrx_word' id='word_1_174' title='bbox 1521 1990 1607 2024; x_wconf 86' lang='lat' dir='ltr'><strong>est:</strong></span> 
     </span>
     <span class='ocr_line' id='line_1_25' title="bbox 156 2056 1604 2107; baseline 0.003 -11"><span class='ocrx_word' id='word_1_175' title='bbox 156 2069 242 2097; x_wconf 83' lang='lat' dir='ltr'><strong>non</strong></span> <span class='ocrx_word' id='word_1_176' title='bbox 272 2056 394 2096; x_wconf 84' lang='lat' dir='ltr'><strong>modo</strong></span> <span class='ocrx_word' id='word_1_177' title='bbox 424 2057 624 2107; x_wconf 70' lang='lat' dir='ltr'><strong>audiam,</strong></span> <span class='ocrx_word' id='word_1_178' title='bbox 658 2057 736 2097; x_wconf 78' lang='lat' dir='ltr'><strong>sed</strong></span> <span class='ocrx_word' id='word_1_179' title='bbox 767 2060 897 2097; x_wconf 75' lang='lat' dir='ltr'><strong>etiam</strong></span> <span class='ocrx_word' id='word_1_180' title='bbox 928 2057 1111 2098; x_wconf 77' lang='lat' dir='ltr'><strong>videam.</strong></span> <span class='ocrx_word' id='word_1_181' title='bbox 1169 2057 1331 2099; x_wconf 82' lang='lat' dir='ltr'><strong>Mirum</strong></span> <span class='ocrx_word' id='word_1_182' title='bbox 1362 2066 1428 2099; x_wconf 86' lang='lat' dir='ltr'><strong>est</strong></span> <span class='ocrx_word' id='word_1_183' title='bbox 1459 2067 1604 2102; x_wconf 87' lang='lat' dir='ltr'><strong>autem</strong></span> 
     </span>
     <span class='ocr_line' id='line_1_26' title="bbox 157 2133 1604 2196; baseline 0.003 -23"><span class='ocrx_word' id='word_1_184' title='bbox 157 2141 201 2174; x_wconf 85' lang='lat' dir='ltr'><strong>et</strong></span> <span class='ocrx_word' id='word_1_185' title='bbox 231 2134 311 2173; x_wconf 84' lang='lat' dir='ltr'><strong>vix</strong></span> <span class='ocrx_word' id='word_1_186' title='bbox 346 2133 578 2184; x_wconf 84' lang='lat' dir='ltr'><strong>credibile,</strong></span> <span class='ocrx_word' id='word_1_187' title='bbox 622 2149 748 2189; x_wconf 85' lang='lat' dir='ltr'><strong>quam</strong></span> <span class='ocrx_word' id='word_1_188' title='bbox 780 2148 995 2196; x_wconf 62' lang='lat' dir='ltr'><strong>perversae</strong></span> <span class='ocrx_word' id='word_1_189' title='bbox 1026 2134 1078 2175; x_wconf 88' lang='lat' dir='ltr'><strong>de</strong></span> <span class='ocrx_word' id='word_1_190' title='bbox 1111 2134 1192 2176; x_wconf 91' lang='lat' dir='ltr'><strong>hoc</strong></span> <span class='ocrx_word' id='word_1_191' title='bbox 1223 2135 1319 2177; x_wconf 91' lang='lat' dir='ltr'><strong>loco</strong></span> <span class='ocrx_word' id='word_1_192' title='bbox 1346 2136 1604 2192; x_wconf 85' lang='lat' dir='ltr'><strong>disputatio-</strong></span> 
     </span>
     <span class='ocr_line' id='line_1_27' title="bbox 154 2211 1604 2270; baseline 0.003 -19"><span class='ocrx_word' id='word_1_193' title='bbox 154 2224 232 2253; x_wconf 81' lang='lat' dir='ltr'><strong>nes</strong></span> <span class='ocrx_word' id='word_1_194' title='bbox 263 2211 350 2251; x_wconf 88' lang='lat' dir='ltr'><strong>sint</strong></span> <span class='ocrx_word' id='word_1_195' title='bbox 383 2211 596 2252; x_wconf 87' lang='lat' dir='ltr'><strong>editorum</strong></span> <span class='ocrx_word' id='word_1_196' title='bbox 624 2211 922 2267; x_wconf 83' lang='lat' dir='ltr'><strong>aliorumque,</strong></span> <span class='ocrx_word' id='word_1_197' title='bbox 967 2227 1053 2253; x_wconf 89' lang='lat' dir='ltr'><strong>non</strong></span> <span class='ocrx_word' id='word_1_198' title='bbox 1083 2215 1395 2269; x_wconf 84' lang='lat' dir='ltr'><strong>cogitantium,</strong></span> <span class='ocrx_word' id='word_1_199' title='bbox 1426 2228 1520 2270; x_wconf 86' lang='lat' dir='ltr'><strong>quae</strong></span> <span class='ocrx_word' id='word_1_200' title='bbox 1547 2217 1604 2256; x_wconf 88' lang='lat' dir='ltr'><strong>sit</strong></span> 
     </span>
    </p>
   </div>
   <div class='ocr_carea' id='block_1_4' title="bbox 174 2358 1604 2886">
    <p class='ocr_par' dir='ltr' id='par_1_5' title="bbox 174 2358 1604 2886">
     <span class='ocr_line' id='line_1_28' title="bbox 174 2358 1603 2412; baseline 0.006 -18"><span class='ocrx_word' id='word_1_201' title='bbox 174 2359 213 2405; x_wconf 83' lang='lat'><strong>¹)</strong></span> <span class='ocrx_word' id='word_1_202' title='bbox 237 2359 319 2394; x_wconf 87' lang='lat' dir='ltr'><strong>Non</strong></span> <span class='ocrx_word' id='word_1_203' title='bbox 348 2358 483 2394; x_wconf 81' lang='lat' dir='ltr'><strong>inutile</strong></span> <span class='ocrx_word' id='word_1_204' title='bbox 509 2358 646 2402; x_wconf 79' lang='lat' dir='ltr'><strong>fucrit,</strong></span> <span class='ocrx_word' id='word_1_205' title='bbox 683 2359 860 2405; x_wconf 80' lang='lat' dir='ltr'><strong>quoniam</strong></span> <span class='ocrx_word' id='word_1_206' title='bbox 889 2360 1101 2406; x_wconf 72' lang='lat' dir='ltr'><strong>postulavi,</strong></span> <span class='ocrx_word' id='word_1_207' title='bbox 1128 2361 1173 2395; x_wconf 85' lang='lat' dir='ltr'><strong>de</strong></span> <span class='ocrx_word' id='word_1_208' title='bbox 1199 2363 1485 2400; x_wconf 79' lang='lat' dir='ltr'><strong>auctoritatibus</strong></span> <span class='ocrx_word' id='word_1_209' title='bbox 1510 2378 1603 2412; x_wconf 89' lang='lat' dir='ltr'><strong>quo-</strong></span> 
     </span>
     <span class='ocr_line' id='line_1_29' title="bbox 243 2419 1603 2466; baseline 0.005 -11"><span class='ocrx_word' id='word_1_210' title='bbox 243 2431 315 2466; x_wconf 85' lang='lat' dir='ltr'><strong>que</strong></span> <span class='ocrx_word' id='word_1_211' title='bbox 343 2424 385 2454; x_wconf 89' lang='lat' dir='ltr'><strong>ut</strong></span> <span class='ocrx_word' id='word_1_212' title='bbox 407 2421 499 2455; x_wconf 81' lang='lat' dir='ltr'><strong>fides</strong></span> <span class='ocrx_word' id='word_1_213' title='bbox 524 2419 620 2454; x_wconf 87' lang='lat' dir='ltr'><strong>mihi</strong></span> <span class='ocrx_word' id='word_1_214' title='bbox 645 2421 873 2464; x_wconf 82' lang='lat' dir='ltr'><strong>haberetur,</strong></span> <span class='ocrx_word' id='word_1_215' title='bbox 906 2422 972 2456; x_wconf 88' lang='lat' dir='ltr'><strong>ubi</strong></span> <span class='ocrx_word' id='word_1_216' title='bbox 1005 2423 1053 2456; x_wconf 83' lang='lat' dir='ltr'><strong>ab</strong></span> <span class='ocrx_word' id='word_1_217' title='bbox 1088 2423 1173 2458; x_wconf 85' lang='lat' dir='ltr'><strong>aliis</strong></span> <span class='ocrx_word' id='word_1_218' title='bbox 1199 2424 1407 2459; x_wconf 82' lang='lat' dir='ltr'><strong>editoribus</strong></span> <span class='ocrx_word' id='word_1_219' title='bbox 1433 2426 1603 2462; x_wconf 77' lang='lat' dir='ltr'><strong>discede-</strong></span> 
     </span>
     <span class='ocr_line' id='line_1_30' title="bbox 242 2481 1604 2527; baseline 0.007 -13"><span class='ocrx_word' id='word_1_220' title='bbox 242 2493 346 2521; x_wconf 81' lang='lat' dir='ltr'><strong>rem,</strong></span> <span class='ocrx_word' id='word_1_221' title='bbox 380 2481 454 2515; x_wconf 90' lang='lat' dir='ltr'><strong>hoc</strong></span> <span class='ocrx_word' id='word_1_222' title='bbox 487 2482 572 2516; x_wconf 87' lang='lat' dir='ltr'><strong>loco</strong></span> <span class='ocrx_word' id='word_1_223' title='bbox 607 2482 770 2527; x_wconf 77' lang='lat' dir='ltr'><strong>exempli</strong></span> <span class='ocrx_word' id='word_1_224' title='bbox 804 2493 918 2517; x_wconf 80' lang='lat' dir='ltr'><strong>causa</strong></span> <span class='ocrx_word' id='word_1_225' title='bbox 949 2483 1176 2526; x_wconf 81' lang='lat' dir='ltr'><strong>admonere,</strong></span> <span class='ocrx_word' id='word_1_226' title='bbox 1211 2484 1305 2520; x_wconf 81' lang='lat' dir='ltr'><strong>etin</strong></span> <span class='ocrx_word' id='word_1_227' title='bbox 1332 2486 1405 2520; x_wconf 82' lang='lat' dir='ltr'><strong>hac</strong></span> <span class='ocrx_word' id='word_1_228' title='bbox 1434 2488 1604 2523; x_wconf 73' lang='lat' dir='ltr'><strong>oratione</strong></span> 
     </span>
     <span class='ocr_line' id='line_1_31' title="bbox 240 2541 1602 2591; baseline 0.006 -16"><span class='ocrx_word' id='word_1_229' title='bbox 240 2541 474 2586; x_wconf 72' lang='lat' dir='ltr'><strong>Pompeiana</strong></span> <span class='ocrx_word' id='word_1_230' title='bbox 512 2546 550 2576; x_wconf 88' lang='lat' dir='ltr'><strong>et</strong></span> <span class='ocrx_word' id='word_1_231' title='bbox 583 2542 676 2576; x_wconf 78' lang='lat' dir='ltr'><strong>alibi</strong></span> <span class='ocrx_word' id='word_1_232' title='bbox 710 2554 772 2576; x_wconf 79' lang='lat' dir='ltr'><strong>mc</strong></span> <span class='ocrx_word' id='word_1_233' title='bbox 806 2543 1006 2588; x_wconf 73' lang='lat' dir='ltr'><strong>aliquoties</strong></span> <span class='ocrx_word' id='word_1_234' title='bbox 1040 2544 1178 2579; x_wconf 85' lang='lat' dir='ltr'><strong>codicis</strong></span> <span class='ocrx_word' id='word_1_235' title='bbox 1212 2546 1344 2591; x_wconf 84' lang='lat' dir='ltr'><strong>optimi</strong></span> <span class='ocrx_word' id='word_1_236' title='bbox 1370 2547 1602 2583; x_wconf 78' lang='lat' dir='ltr'><strong>coloniensis</strong></span> 
     </span>
     <span class='ocr_line' id='line_1_32' title="bbox 244 2602 1599 2646; baseline 0.005 -10"><span class='ocrx_word' id='word_1_237' title='bbox 244 2602 458 2637; x_wconf 72' lang='lat' dir='ltr'><strong>testimonio</strong></span> <span class='ocrx_word' id='word_1_238' title='bbox 485 2614 596 2638; x_wconf 79' lang='lat' dir='ltr'><strong>usum</strong></span> <span class='ocrx_word' id='word_1_239' title='bbox 621 2615 724 2646; x_wconf 77' lang='lat' dir='ltr'><strong>esse,</strong></span> <span class='ocrx_word' id='word_1_240' title='bbox 758 2605 824 2638; x_wconf 85' lang='lat' dir='ltr'><strong>ubi</strong></span> <span class='ocrx_word' id='word_1_241' title='bbox 851 2605 1036 2639; x_wconf 81' lang='lat' dir='ltr'><strong>Gruterus</strong></span> <span class='ocrx_word' id='word_1_242' title='bbox 1063 2617 1148 2640; x_wconf 90' lang='lat' dir='ltr'><strong>eum</strong></span> <span class='ocrx_word' id='word_1_243' title='bbox 1176 2618 1249 2641; x_wconf 90' lang='lat' dir='ltr'><strong>non</strong></span> <span class='ocrx_word' id='word_1_244' title='bbox 1279 2609 1599 2644; x_wconf 78' lang='lat' dir='ltr'><strong>commemoravit.</strong></span> 
     </span>
     <span class='ocr_line' id='line_1_33' title="bbox 242 2663 1599 2715; baseline 0.005 -18"><span class='ocrx_word' id='word_1_245' title='bbox 242 2663 285 2697; x_wconf 82' lang='lat' dir='ltr'><strong>In</strong></span> <span class='ocrx_word' id='word_1_246' title='bbox 313 2663 372 2698; x_wconf 77' lang='lat' dir='ltr'><strong>his</strong></span> <span class='ocrx_word' id='word_1_247' title='bbox 396 2663 490 2698; x_wconf 81' lang='lat' dir='ltr'><strong>lonis</strong></span> <span class='ocrx_word' id='word_1_248' title='bbox 514 2675 602 2699; x_wconf 73' lang='lat' dir='ltr'><strong>usus</strong></span> <span class='ocrx_word' id='word_1_249' title='bbox 625 2676 708 2700; x_wconf 81' lang='lat' dir='ltr'><strong>sum</strong></span> <span class='ocrx_word' id='word_1_250' title='bbox 741 2665 966 2701; x_wconf 78' lang='lat' dir='ltr'><strong>lectionibus</strong></span> <span class='ocrx_word' id='word_1_251' title='bbox 999 2666 1236 2712; x_wconf 80' lang='lat' dir='ltr'><strong>novantiquis</strong></span> <span class='ocrx_word' id='word_1_252' title='bbox 1272 2668 1334 2702; x_wconf 86' lang='lat' dir='ltr'><strong>Fr.</strong></span> <span class='ocrx_word' id='word_1_253' title='bbox 1361 2669 1502 2711; x_wconf 76' lang='lat' dir='ltr'><strong>modii,</strong></span> <span class='ocrx_word' id='word_1_254' title='bbox 1535 2671 1599 2715; x_wconf 86' lang='lat' dir='ltr'><strong>qui</strong></span> 
     </span>
     <span class='ocr_line' id='line_1_34' title="bbox 244 2723 1600 2776; baseline 0.006 -19"><span class='ocrx_word' id='word_1_255' title='bbox 244 2723 389 2769; x_wconf 79' lang='lat' dir='ltr'><strong>aliquot</strong></span> <span class='ocrx_word' id='word_1_256' title='bbox 414 2724 492 2759; x_wconf 71' lang='lat' dir='ltr'><strong>eius</strong></span> <span class='ocrx_word' id='word_1_257' title='bbox 516 2725 719 2771; x_wconf 76' lang='lat' dir='ltr'><strong>scripturas</strong></span> <span class='ocrx_word' id='word_1_258' title='bbox 745 2726 953 2772; x_wconf 69' lang='lat' dir='ltr'><strong>excerpsit,</strong></span> <span class='ocrx_word' id='word_1_259' title='bbox 989 2728 1093 2762; x_wconf 85' lang='lat' dir='ltr'><strong>velut</strong></span> <span class='ocrx_word' id='word_1_260' title='bbox 1118 2727 1176 2769; x_wconf 89' lang='grc'><strong>19,</strong></span> <span class='ocrx_word' id='word_1_261' title='bbox 1201 2728 1259 2770; x_wconf 83' lang='grc'><strong>58,</strong></span> <span class='ocrx_word' id='word_1_262' title='bbox 1286 2728 1350 2762; x_wconf 86' lang='lat' dir='ltr'><strong>ubi</strong></span> <span class='ocrx_word' id='word_1_263' title='bbox 1376 2728 1412 2761; x_wconf 91' lang='lat' dir='ltr'><strong>in</strong></span> <span class='ocrx_word' id='word_1_264' title='bbox 1441 2730 1600 2776; x_wconf 74' lang='lat' dir='ltr'><strong>vulgata</strong></span> 
     </span>
     <span class='ocr_line' id='line_1_35' title="bbox 242 2783 1597 2837; baseline 0.008 -21"><span class='ocrx_word' id='word_1_265' title='bbox 242 2783 404 2820; x_wconf 78' lang='lat' dir='ltr'><strong>lectione</strong></span> <span class='ocrx_word' id='word_1_266' title='bbox 431 2785 487 2827; x_wconf 86' lang='grc' dir='ltr'><strong>(ίη</strong></span> <span class='ocrx_word' id='word_1_267' title='bbox 515 2785 583 2820; x_wconf 75' lang='lat' dir='ltr'><strong>hoc</strong></span> <span class='ocrx_word' id='word_1_268' title='bbox 609 2797 680 2822; x_wconf 80' lang='lat' dir='ltr'><strong>uno</strong></span> <span class='ocrx_word' id='word_1_269' title='bbox 708 2785 882 2832; x_wconf 78' lang='lat' dir='ltr'><strong>Gabinio)</strong></span> <span class='ocrx_word' id='word_1_270' title='bbox 920 2791 986 2824; x_wconf 78' lang='lat' dir='ltr'><strong>aut</strong></span> <span class='ocrx_word' id='word_1_271' title='bbox 1018 2800 1224 2835; x_wconf 83' lang='lat' dir='ltr'><strong>pronomen</strong></span> <span class='ocrx_word' id='word_1_272' title='bbox 1258 2794 1324 2826; x_wconf 79' lang='lat' dir='ltr'><strong>aut</strong></span> <span class='ocrx_word' id='word_1_273' title='bbox 1349 2801 1484 2826; x_wconf 81' lang='lat' dir='ltr'><strong>nomen</strong></span> <span class='ocrx_word' id='word_1_274' title='bbox 1510 2803 1597 2837; x_wconf 81' lang='lat' dir='ltr'><strong>pro-</strong></span> 
     </span>
     <span class='ocr_line' id='line_1_36' title="bbox 242 2841 619 2886; baseline 0.019 -10"><span class='ocrx_word' id='word_1_275' title='bbox 242 2841 381 2886; x_wconf 65' lang='lat' dir='ltr'><strong>prium*</strong></span> <span class='ocrx_word' id='word_1_276' title='bbox 392 2845 619 2883; x_wconf 73' lang='lat' dir='ltr'><strong>abundabat.</strong></span> 
     </span>
    </p>
   </div>
  </div>
 </body>
</html>
