1981 3390
406 260 506 308 420

340 382 434 435 quis
467 381 749 436 interpolatos
779 381 982 435 putabat,
1013 390 1060 423 ut
1090 383 1356 436 &Vunderuffi
1387 385 1597 438 Orellius,
1629 389 1778 444 quinto

338 459 503 498 dechno
536 458 603 499 vel
635 467 763 499 sexto
790 460 956 499 dechno
985 460 1132 500 seculo
1164 462 1392 503 stnnuniid
1427 464 1651 513 credebat3
1693 481 1779 520 quo

337 537 467 575 etiam
497 535 668 576 facilius
700 535 967 587 deprehensa
998 537 1278 590 interpolatio
1324 547 1412 590 est,
1461 554 1545 580 non
1579 540 1778 583 obstante

336 614 563 652 vetustatis
594 613 862 651 auctoritate.
933 611 1093 652 Eorum
1124 615 1286 667 primus
1317 623 1382 655 est
1413 618 1457 656 in
1491 632 1525 657 c.
1557 619 1598 667 4,
1630 620 1671 668 9,
1702 618 1779 659 ubi

333 688 468 728 verba
512 689 699 741 speciem
744 687 933 741 aliquam
978 690 1177 729 sanitatis
1229 692 1481 732 mentientia
1524 702 1567 733 et
1614 702 1773 744 tamen,

330 763 532 804 utinulfi
558 763 889 813 hstessexerunss
920 763 973 804 ob
1004 778 1188 819 sequens
1222 766 1370 819 Chpua
1397 781 1451 808 ne
1476 769 1652 810 fluenda
1683 774 1772 825 qub

330 841 452 891 dem,
494 846 536 880 et
564 842 666 881 iude
697 843 760 883 M.
791 842 1040 892 Aeclanum,
1081 844 1117 881 si
1150 844 1193 882 in
1224 844 1370 884 codice
1405 845 1635 900 archetypo
1669 847 1775 887 suis-

328 925 447 968 sent,
479 916 981 959 aberrariinulfisarstun
1011 921 1249 971 poufisset,
1292 935 1370 961 nec
1402 929 1545 962 uunen
1584 924 1628 963 in
1659 924 1776 964 codi-

326 995 448 1035 cibus
479 995 531 1035 ad
563 995 838 1050 archetypuin
867 1003 953 1036 tani
983 1010 1115 1051 prope
1142 997 1458 1048 accedernibus‚
1495 1014 1620 1053 quarn
1653 1014 1774 1041 acce-

325 1073 388 1111 dit
417 1070 666 1121 Beruensis,
697 1081 888 1113 monstra
917 1072 996 1112 illa
1027 1075 1143 1114 nasci
1177 1089 1213 1114 c.
1245 1088 1296 1115 m.
1327 1076 1568 1115 vulcanum.
1625 1076 1772 1132 Atque

321 1151 407 1189 ista
451 1151 662 1203 scriptura
702 1157 878 1203 postea,
927 1164 1056 1205 quum
1101 1152 1144 1190 in
1193 1150 1320 1192 Italia
1362 1152 1554 1193 studiose
1601 1153 1771 1194 codices

323 1225 690 1276 emendabantur,
737 1241 795 1267 ex
830 1226 976 1281 aliquo
1011 1227 1139 1267 huius
1170 1228 1346 1268 familiae
1380 1229 1526 1270 codice
1553 1237 1770 1283 protracta

322 1312 364 1343 et
392 1318 487 1344 cum
518 1302 615 1343 aliis
647 1305 962 1344 communicata
993 1312 1034 1343 et
1061 1305 1104 1343 in
1138 1305 1228 1344 cod.
1265 1305 1357 1344 Pal.
1391 1307 1414 1344 1
1447 1314 1489 1344 et
1519 1307 1547 1345 2
1573 1308 1771 1360 pervenit

320 1382 426 1421 etin
446 1380 678 1420 editionem
698 1378 940 1421 Cratandri.
1007 1379 1134 1420 Alter
1153 1390 1218 1421 est
1247 1381 1368 1422 locus
1397 1396 1532 1436 nuper
1563 1397 1590 1423 a
1618 1383 1767 1424 mullis

318 1466 524 1498 tractatus
557 1459 600 1497 in
631 1472 666 1497 c.
695 1459 746 1507 8,
789 1460 868 1507 19,
902 1459 1023 1497 cuius
1057 1459 1206 1498 eadem
1240 1466 1305 1498 est
1334 1466 1375 1498 et
1415 1458 1551 1499 multo
1579 1462 1768 1515 apertior

316 1537 442 1575 ratio.
519 1534 662 1588 Ipsam
696 1536 986 1575 coniecturam
1030 1547 1115 1575 non
1158 1535 1298 1576 solum
1342 1535 1496 1576 falsam
1528 1537 1605 1576 sed
1635 1539 1764 1578 etiam

317 1612 370 1651 ad
400 1613 658 1652 sententiam
686 1612 1001 1656 incommodam
1034 1626 1156 1662 esse,
1188 1611 1241 1652 ab
1269 1611 1367 1651 aliis
1404 1620 1470 1651 est
1499 1612 1765 1654 demonstra-

315 1698 420 1728 tunl.
485 1687 632 1728 hiinus
666 1689 751 1728 iani
781 1688 912 1728 dubia
945 1703 1014 1729 res
1044 1702 1139 1728 esse
1172 1697 1313 1741 potest
1345 1690 1387 1728 in
1423 1703 1457 1729 c.
1492 1691 1562 1740 24,
1594 1692 1663 1740 54,
1690 1690 1764 1731 ubi

317 1780 446 1820 quum
477 1767 520 1805 in
542 1765 696 1820 ¹codice
718 1764 948 1820 archetypo
968 1766 1179 1819 scriptura
1207 1766 1413 1805 mendosa
1443 1774 1558 1805 esset
1575 1775 1616 1805 et
1633 1780 1763 1806 sensu

315 1851 505 1891 careret,
548 1849 594 1881 ut
635 1856 694 1882 ex
733 1840 862 1883 Bern.
906 1850 1105 1896 apparel,
1150 1840 1430 1881 substitutum
1473 1843 1612 1881 estin
1642 1842 1764 1882 Pari-

314 1920 470 1960 siensi:
504 1922 621 1958 inter
652 1932 785 1959 meum
818 1920 1051 1959 discrimen
1081 1924 1123 1958 et
1152 1931 1294 1958 eorum
1324 1918 1530 1972 praalum,
1561 1917 1760 1959 substan-

312 1998 403 2036 tivo
437 2010 520 2036 non
561 2004 661 2050 apto
694 1998 851 2051 (neque
886 1997 999 2037 enim
1033 1996 1264 2036 descrimen
1304 1995 1348 2034 id
1382 2003 1500 2045 erat,
1532 1996 1607 2036 sed
1636 2010 1760 2037 casus

314 2082 356 2114 et
375 2073 598 2114 calamitas
617 2075 703 2114 iam
728 2073 912 2126 inflicta)
939 2081 980 2113 et
1006 2086 1140 2125 pravo
1157 2073 1411 2127 pronomine
1431 2074 1526 2125 (pro
1544 2070 1682 2126 snam)
1707 2073 1762 2125 ¹).

311 2150 393 2193 llis
425 2159 600 2205 quartus
632 2152 880 2206 adiungitur
912 2150 1033 2191 locus
1068 2165 1103 2191 c.
1131 2150 1211 2199 25,
1255 2150 1333 2200 55,
1375 2148 1449 2188 ubi
1481 2164 1609 2204 quum
1641 2149 1760 2189 vide-

309 2237 428 2268 retur
461 2226 623 2282 aliquid
651 2226 890 2269 ‘desiderari
923 2227 974 2269 ad
1007 2227 1299 2269 accusativum
1328 2223 1452 2266 illum
1484 2227 1623 2280 legum
1654 2227 1759 2275 mul·

310 2304 537 2343 titudinem
569 2292 818 2357 regendum,
852 2306 1042 2345 additum
1077 2312 1142 2344 est
1172 2305 1215 2343 in
1244 2304 1480 2344 parisiensi
1513 2312 1554 2343 et
1583 2303 1682 2342 inde
1711 2304 1754 2342 in

310 2382 364 2420 iis
395 2381 531 2430 codd„
561 2380 716 2432 quibus
738 2381 987 2435 Hervagius
1019 2388 1062 2420 et
1090 2379 1338 2433 Naugerius
1361 2381 1429 2419 usi
1457 2386 1571 2428 sunt,
1601 2378 1754 2418 dicam.

339 2495 376 2536 ¹)
402 2493 519 2527 Nimis
546 2493 662 2535 igitur
696 2504 827 2526 secure
856 2496 891 2527 et
918 2491 984 2526 alii
1008 2492 1079 2526 hoc
1104 2492 1187 2526 loco
1216 2491 1273 2525 usi
1301 2494 1385 2524 sunt
1410 2490 1446 2524 in
1474 2491 1696 2535 disputando
1723 2495 1758 2525 ct

403 2564 523 2596 nuper
548 2553 765 2598 Zumptius,
801 2554 843 2587 V.
872 2553 951 2593 CL,
979 2552 1024 2585 nd
1051 2551 1195 2585 Vei-rin.
1223 2552 1261 2592 l,
1298 2550 1365 2591 34,
1393 2550 1439 2583 86
1464 2563 1498 2594 p.
1539 2551 1628 2590 lon
1668 2562 1754 2585 nam

401 2614 440 2646 in
464 2614 647 2647 sentientia
672 2613 914 2653 secundaria,
952 2612 1054 2645 cuius
1081 2611 1183 2645 aliud
1211 2611 1258 2644 sit
1283 2610 1489 2645 subiectum
1506 2637 1515 2652 ,
1543 2612 1573 2643 is
1601 2623 1667 2655 pro
1696 2623 1755 2645 re-

399 2673 534 2707 ssexivo
561 2674 737 2708 substitui
763 2678 901 2718 potest,
940 2672 975 2705 iu
1005 2672 1083 2716 ipsn
1110 2671 1290 2716 primaria
1315 2673 1499 2705 sententia
1524 2683 1593 2706 non
1622 2676 1753 2715 potest.

401 2735 531 2778 Imque
558 2738 595 2768 ct
619 2734 736 2775 illud,
771 2744 896 2766 navem
928 2732 1055 2765 Verres
1087 2733 1274 2775 poposcit,
1309 2744 1387 2775 quw
1413 2743 1496 2766 eum
1516 2743 1751 2775 prosequere-

399 2799 473 2832 tur,
511 2799 546 2828 rt
579 2795 678 2836 alui,
717 2806 793 2841 qum
821 2797 923 2829 recto
959 2792 1144 2838 configunt
1173 2797 1208 2828 ct
1233 2793 1459 2835 defendunt,
1497 2792 1544 2826 ab
1570 2792 1639 2827 hoc
1667 2792 1749 2826 loco

401 2855 521 2890 aliena
548 2859 642 2891 sunt.
