1981 3390
424 207 518 257 134

359 334 440 368 etc.
471 340 557 369 non
585 327 638 369 ad
670 326 954 370 Hortensium
993 336 1037 370 et
1076 327 1280 370 Catulum
1307 328 1553 384 pertinere,
1586 327 1663 370 sed
1695 326 1807 370 hanc

360 403 522 446 habere
555 406 668 448 vim:
709 413 956 462 poteramus
1000 405 1178 448 illorum
1216 405 1546 448 auctoritatibus
1587 419 1808 462 opponere

361 483 599 524 contrarias
652 483 932 523 auctoritates
982 483 1319 526 fortissimorum
1375 492 1418 525 et
1471 484 1811 526 clarissimorum

362 560 580 607 virorum3
621 560 697 600 sed
727 567 898 610 tamen,
940 561 1112 602 omissis
1153 561 1484 604 auctoritatibus
1520 571 1602 604 etc.
1666 560 1812 616 Atque

364 635 433 677 his
459 637 686 677 contrariis
716 635 1044 678 auetoritatibus
1073 640 1208 680 utitur
1239 653 1275 680 c.
1300 641 1381 691 23,
1419 643 1488 681 68.
1555 639 1708 695 Itaque
1739 652 1813 681 eas

365 713 537 754 videtur
573 713 655 754 hoc
695 713 792 755 loco
839 721 967 754 antea
1002 715 1280 769 promittere;
1329 721 1588 770 cognoscitis
1625 716 1813 772 quidem,

367 792 490 846 quasi
513 805 641 843 nunc,
670 793 766 847 ipso
786 792 974 843 dicente,
1005 790 1194 847 populus
1218 801 1515 847 cognosceret,
1547 807 1603 834 ne
1635 794 1688 835 de
1701 793 1816 835 Hor·

369 869 498 909 tensii
538 876 581 909 et
611 867 757 910 Catuli
793 869 979 924 quidem*
1013 871 1270 911 auctoritate
1316 870 1459 912 dicere
1499 878 1694 927 poterat,
1739 869 1817 912 sed

369 949 601 1000 cognostis.
662 946 876 988 Audierat
904 948 1020 988 enim
1053 961 1128 988 eos
1155 947 1359 1003 populus.
1574 934 1579 937 ’

488 1023 691 1066 Poteram
739 1023 939 1065 similiter
981 1038 1042 1065 ex
1086 1027 1242 1066 ceteris
1293 1024 1564 1067 orationibus
1612 1023 1819 1081 exempla

370 1098 591 1156 deligere,
622 1101 690 1143 his
725 1104 855 1144 etiam
885 1102 1150 1152 illustriora3
1195 1103 1271 1144 sed
1302 1118 1441 1159 neque
1472 1103 1542 1145 hic
1573 1101 1696 1144 locus
1726 1102 1821 1145 lon-

372 1179 540 1232 giorem
576 1179 914 1234 disputationem
945 1181 1082 1235 capit,
1123 1188 1167 1220 et
1201 1166 1277 1232 ea,
1298 1188 1412 1235 'quae
1443 1181 1596 1234 posui,
1636 1179 1820 1220 consilio

372 1263 574 1309 suscepto
599 1258 705 1297 satis
731 1256 874 1298 facere
904 1270 1033 1311 posse
1061 1256 1277 1306 videntur,
1311 1265 1358 1296 ut
1385 1257 1690 1312 persuadeant,
1712 1255 1822 1297 nihil

373 1339 584 1373 mutatum
627 1347 749 1386 esse,
802 1335 925 1375 cuius
966 1334 1121 1374 mutati
1165 1333 1434 1390 probabilem
1479 1335 1719 1385 rationem,
1777 1341 1824 1374 ut

374 1409 483 1451 mihi
516 1411 817 1466 quidemxvisa
854 1413 936 1463 sit,
967 1411 1164 1466 proferre
1197 1425 1282 1452 non
1316 1413 1492 1467 possim.
1553 1411 1698 1454 Unum
1730 1419 1825 1452 tan-

374 1495 466 1528 tum
497 1502 635 1544 neque
665 1488 737 1530 hic
762 1490 887 1545 attigi
919 1502 1059 1544 neque
1090 1489 1136 1529 in
1166 1490 1362 1544 margine
1386 1491 1551 1540 notavi,
1584 1476 1695 1544 quod
1715 1487 1824 1529 nihil

374 1566 420 1605 in
453 1564 599 1606 verbis
641 1566 913 1614 mutabatur3
961 1564 1111 1606 multis
1144 1567 1258 1607 enim
1289 1565 1398 1607 locis
1418 1596 1430 1617 ‚
1477 1567 1825 1621 interpunctione

375 1649 566 1694 mutata,
597 1645 813 1685 sententia
842 1651 886 1684 et
918 1644 1058 1685 oratio
1091 1645 1250 1685 rectior
1277 1645 1435 1686 effecta
1468 1653 1556 1693 est3
1586 1645 1629 1685 in
1665 1658 1748 1699 qua
1778 1657 1826 1684 re

376 1720 495 1761 credi
534 1721 640 1762 mihi
672 1721 928 1777 pervelim,.
959 1721 1070 1762 nihil
1103 1721 1375 1778 negligentia
1411 1723 1649 1772 variatum,
1695 1736 1750 1762 ne
1781 1722 1826 1762 in

376 1799 570 1841 minimis
601 1800 788 1854 quidem.
845 1798 982 1841 Velut
1010 1797 1105 1840 Cat.
1134 1799 1215 1851 IV,
1247 1802 1288 1849 6,
1320 1801 1373 1840 12
1403 1807 1501 1839 ante
1532 1801 1593 1840 ita
1625 1800 1827 1840 distincta

375 1884 473 1917 erat
503 1869 668 1927 orntio,
716 1885 764 1917 ut
807 1876 888 1917 hoc
929 1877 1092 1918 diceret
1131 1885 1300 1919 orator:
1357 1876 1531 1926 ”Quum
1562 1877 1668 1918 mihi
1698 1876 1827 1917 foeda

381 1955 563 1995 victoria
597 1952 797 1995 Catilinae
837 1954 1087 2009 spectacula
1125 1955 1360 2010 proposui,
1404 1954 1492 1995 alia
1536 1955 1729 1995 eiusdem
1762 1955 1827 1995 vi·

377 2033 527 2073 ctoriae
557 2031 806 2087 spectacula
837 2031 1161 2087 perhorresco.”
1222 2031 1364 2083 Nunc,
1395 2033 1659 2073 enumeratis
1693 2032 1829 2072 omni-

379 2107 461 2150 bus
491 2108 612 2150 illius
645 2112 837 2151 victoriae
867 2110 1175 2161 foeditatibus,
1219 2124 1296 2162 se,
1328 2125 1458 2165 quum
1492 2110 1583 2151 haec
1614 2108 1696 2150 sibi
1730 2123 1828 2164 pro-

379 2194 539 2242 ponat,
569 2187 900 2241 perhorrescere
933 2190 1051 2230 dicit.
1116 2188 1261 2230 Unum
1295 2190 1409 2228 enim
1441 2186 1620 2228 verbum
1651 2184 1830 2240 perhor-

381 2277 502 2305 resco
532 2263 743 2317 apodosin
776 2266 980 2305 continet.
1037 2264 1122 2304 Pro
1152 2263 1249 2304 Mil.
1280 2266 1332 2314 8,
1363 2266 1414 2304 21
1452 2272 1567 2304 erat:
1606 2261 1831 2312 Nonfutt

383 2355 436 2383 ea
469 2355 626 2392 causa,
667 2341 856 2393 iudices,
898 2339 1098 2396 profecto
1138 2353 1224 2380 nou
1248 2339 1373 2389 fuit3
1413 2339 1605 2396 postulat
1635 2341 1745 2380 ratio
1779 2338 1831 2380 fi-

385 2432 504 2475 gurae
537 2418 784 2470 rhetoricae,
829 2427 876 2459 ut
913 2427 1012 2459 ante
1053 2419 1288 2473 repetitum
1316 2418 1520 2468 nonfuit
1551 2420 1832 2473 interpunga-

385 2506 469 2539 tur.
546 2496 596 2538 In
631 2497 782 2538 eadem
815 2504 922 2538 orat.
951 2498 1031 2547 33,
1063 2498 1118 2536 91
1156 2504 1247 2537 ext.
1281 2495 1452 2537 sublato
1489 2504 1700 2536 commate
1734 2503 1832 2550 post

386 2575 606 2631 singulare·
631 2574 860 2626 iubentur,
891 2576 963 2630 qui
991 2573 1167 2629 legunt,
1200 2574 1370 2615 invidia
1400 2580 1441 2614 et
1457 2573 1651 2623 fortuna
1683 2577 1831 2626 singu-

387 2655 476 2695 Ιιινί
516 2654 802 2709 coniungere,
861 2652 958 2692 dein
1003 2651 1154 2692 divina
1199 2657 1241 2692 ec
1282 2651 1538 2693 incredibili
1559 2650 1686 2701 fide,
1745 2663 1831 2691 non

385 2732 627 2787 singulari,
659 2731 810 2773 divina
842 2735 883 2770 et
912 2729 1165 2771 incredibili
1177 2728 1300 2780 fide,
1351 2731 1486 2771 nimia
1518 2729 1831 2770 adiectivorum

389 2812 716 2853 coacervatione
749 2817 789 2850 et
822 2816 967 2851 contra
1002 2805 1223 2850 Ciceronis
1256 2820 1381 2850 usum
1410 2805 1701 2851 membrorum
1731 2819 1831 2848 con-
