1981 3390
1446 280 1545 330 879

168 413 274 453 tium
302 411 493 453 facturus
527 421 639 451 nunc
660 421 685 449 a
714 404 938 454 Caeliana,
971 410 1018 444 ut
1047 402 1251 457 deinceps
1285 401 1339 447 ad
1367 401 1612 443 Sestianam

168 489 445 544 reliquasque
483 487 680 535 veniam,
724 481 922 536 daboque
955 493 1158 533 operam,
1201 486 1408 535 quantum
1445 476 1616 519 efficere

169 561 348 621 potero,
379 572 452 614 ut,
479 561 663 604 exclusa
693 559 898 615 opinandi
925 556 1119 599 instabili
1148 556 1344 605 levitate,
1377 556 1616 610 perspicuis

170 644 383 696 certisque
414 641 681 695 argumentis
714 638 947 692 disputatio
980 634 1258 685 conficiatur,
1284 632 1498 674 interdum
1532 644 1618 672 non

168 719 222 759 ad
253 717 330 758 has
367 716 484 758 solas
518 717 737 756 orationes
774 723 987 767 spectans.
1044 712 1099 752 Et
1130 713 1172 752 in
1206 710 1385 765 reliquis
1413 710 1620 750 orationi·

169 795 250 836 bus
281 809 432 836 omnes
463 794 622 834 codicis
655 793 913 833 Parisiensis
950 791 1242 842 discrepantes
1272 789 1508 842 scripturas
1539 800 1619 827 ex-

169 886 390 928 promam3
438 873 482 912 in
525 870 734 911 Caeliana
768 868 877 910 nihil
910 882 1018 923 opus
1059 876 1125 907 est
1177 867 1219 906 id
1266 873 1363 917 post
1401 863 1618 906 Orellium

170 947 292 999 fieri,
340 950 423 988 nisi
463 955 675 1003 quatenus
716 959 875 999 paucas
912 945 1118 999 quasdam
1151 942 1288 982 bonas
1329 941 1539 982 lectiones
1569 942 1621 989 is,

172 1028 245 1081 qui
265 1025 424 1067 Orellii
454 1037 584 1065 causa
608 1022 798 1063 codicem
827 1019 1025 1071 contulit,
1052 1020 1342 1074 praetermisit.
1405 1017 1622 1067 Quocirca

172 1117 224 1144 ea
264 1115 458 1157 quoque,
501 1114 594 1156 quae
636 1099 688 1140 de
729 1099 924 1140 codicum
968 1095 1174 1150 stirpibus
1217 1104 1259 1137 et
1301 1094 1537 1151 generibus
1579 1102 1623 1136 et

170 1180 377 1220 universo
405 1192 486 1219 usu
515 1179 561 1219 in
593 1177 662 1219 his
692 1174 961 1219 orationibus
992 1174 1171 1216 dicenda
1199 1182 1326 1224 sunt,
1357 1172 1624 1213 commodius

173 1265 263 1297 tum
286 1264 578 1309 exponentur,
607 1269 739 1310 quum
760 1253 812 1294 de
827 1253 1030 1295 Sestiana
1051 1253 1231 1294 dicetur.
1286 1251 1430 1306 Atque
1446 1248 1557 1305 quod
1580 1249 1623 1288 in

174 1332 383 1374 Caeliana
416 1334 600 1375 omissas
639 1333 737 1374 dixi
767 1329 1000 1372 nonnullas
1029 1330 1289 1372 Parisiensis
1320 1328 1480 1368 codicis
1519 1327 1624 1366 scri-

173 1419 339 1466 pturas,
365 1409 417 1450 de
442 1410 509 1450 his
530 1411 716 1464 primum
738 1409 902 1456 dieam3
936 1407 988 1448 de
1019 1405 1174 1462 quibus
1205 1404 1392 1447 dubitari
1417 1404 1513 1445 ideo
1539 1417 1625 1444 non

173 1496 341 1543 potest,
371 1487 483 1543 quod
518 1501 604 1527 non
636 1486 859 1527 silentium
888 1483 1096 1539 Krarupii
1125 1498 1297 1539 sequor,
1329 1482 1405 1523 sed
1435 1495 1503 1532 ea,
1532 1493 1627 1536 quae

173 1565 228 1606 ad
260 1566 502 1620 marginem
533 1563 761 1613 editionis,
803 1565 848 1603 in
890 1577 974 1618 qua
1003 1561 1100 1603 aliae
1133 1569 1258 1602 erant
1287 1559 1522 1608 lectiones,
1553 1556 1627 1597 ad-

175 1642 358 1682 notavit.
414 1639 633 1682 Minutum
660 1648 726 1680 est
750 1639 865 1696 quod
896 1653 932 1680 c.
962 1641 1005 1690 8,
1033 1640 1089 1680 20
1118 1646 1234 1679 recte
1265 1638 1310 1678 in
1342 1650 1394 1677 eo
1424 1633 1627 1676 scribitur

175 1731 301 1773 quum
334 1722 395 1759 u’t
432 1721 491 1758 its
530 1715 816 1768 confitendum
844 1731 922 1773 pro
961 1715 1054 1765 his,-
1098 1714 1231 1771 paulo
1268 1714 1471 1771 gravius,
1515 1711 1629 1768 quod

177 1797 260 1847 10,
303 1796 361 1837 23
403 1809 500 1836 cum
540 1794 788 1837 Erfurtensi
828 1802 872 1835 et
912 1791 1208 1835 Bernensibus
1250 1791 1410 1833 omittit
1448 1794 1494 1830 et
1527 1796 1628 1830 ante

177 1871 369 1924 adiutor,
399 1879 615 1913 retentum
652 1884 713 1912 ex
752 1871 987 1924 depravata
1019 1870 1268 1925 vulgarium
1300 1868 1495 1909 codicum
1526 1866 1629 1907 scri-

177 1957 329 2005 ptura,
371 1948 609 2003 eodemque
640 1949 685 1990 in
715 1962 876 2004 genere
904 1947 1064 2000 putidae
1093 1946 1381 1987 distinctionis
1407 1945 1627 1991 vitiosum,

178 2027 231 2067 de
273 2040 358 2080 quo
400 2026 497 2067 dixi
537 2027 581 2067 in
621 2026 793 2066 dissert.
825 2024 878 2065 de
907 2023 1036 2066 Verr.
1067 2037 1109 2076 p.
1151 2023 1249 2064 358.
1323 2020 1456 2063 Recte
1496 2022 1627 2061 etiam

179 2116 214 2143 c.
249 2103 328 2153 12,
370 2103 426 2142 29
464 2100 617 2143 habet:
681 2100 774 2143 Sed
811 2106 964 2144 vestrae
1005 2103 1256 2155 sapientem,
1306 2098 1498 2147 iudices,
1549 2101 1627 2144 est,

180 2177 255 2220 ubi
292 2177 426 2233 vulgo
467 2177 628 2234 legitur
662 2185 751 2229 est,
806 2178 998 2228 iudices,
1051 2176 1224 2218 sublata
1265 2191 1318 2219 ea
1353 2174 1630 2229 compositio-

180 2270 259 2306 ne,
303 2270 430 2312 quam
471 2254 672 2297 Ciceroni
714 2257 918 2298 usitatam
963 2255 1133 2296 ostendi
1173 2255 1218 2296 in
1266 2253 1418 2294 eadem
1460 2252 1631 2292 dissert.

178 2334 271 2374 crit.
313 2333 366 2374 de
395 2333 570 2375 Verrin.
599 2348 642 2387 p.
681 2334 780 2375 365.
855 2333 952 2389 (Est
989 2332 1104 2374 idem
1147 2333 1192 2373 in
1235 2331 1338 2372 edit.
1377 2328 1537 2371 Adami
1577 2327 1629 2367 de

175 2409 429 2467 Ambergau
462 2411 729 2460 anni1472;
774 2411 821 2453 in
863 2409 931 2451 ed.
969 2409 1130 2451 Venet.
1170 2424 1211 2451 a.
1251 2410 1360 2451 148⁰
1400 2405 1563 2462 legitur
1606 2394 1640 2445 e*

177 2487 267 2530 iud.
296 2478 333 2539 ἕ,
365 2489 410 2529 in
436 2488 528 2530 Erf.
559 2487 739 2530 verbum
764 2487 892 2546 plane
922 2488 1113 2536 excidit;
1145 2485 1266 2528 vides
1296 2482 1481 2534 turbas.)
1515 2482 1630 2524 Tum

179 2579 214 2605 c.
246 2566 316 2617 14,
343 2567 400 2606 37
432 2566 525 2606 cod.
554 2565 722 2618 Paris.,
748 2574 796 2608 ut
824 2566 984 2623 reliqui
1016 2562 1342 2616 boni,fereudi
1370 2559 1516 2610 habet,
1544 2573 1630 2600 non

168 2640 392 2690 ferenda;
441 2640 637 2696 leporem
680 2657 741 2684 ex
780 2643 1022 2686 imitatione
1066 2639 1442 2684 sermocinationis
1493 2636 1631 2691 quoti-

179 2719 317 2760 dianae
359 2715 491 2758 habet
526 2719 605 2761 illa
638 2723 761 2776 quasi
794 2720 1067 2764 confirmatio
1099 2718 1326 2774 paululum
1359 2714 1527 2755 variata
1560 2726 1630 2753 su-

178 2796 364 2849 perioris
386 2795 531 2835 istius:
571 2795 727 2838 Ferrea·
747 2804 848 2840 sunt
875 2802 955 2841 isti
973 2805 1135 2854 patres.
1201 2797 1369 2839 Deinde
1395 2805 1527 2835 unum
1555 2789 1633 2832 ali-
