1981 3390
1459 267 1558 317 273

174 392 288 435 luliu
319 396 377 448 (a.
412 390 486 446 ⁰0)
520 390 688 432 Latinis
729 386 873 428 datam
916 383 994 427 illa
1028 387 1121 427 iure
1162 387 1374 427 mansisse
1419 396 1626 441 putasset.

174 470 321 513 Facile
354 478 497 511 nutem
530 474 678 527 patet,
719 466 792 521 qui
822 464 974 506 fraude
1016 464 1237 505 civitatem
1278 471 1500 519 peterent,
1541 465 1626 506 Ro-

172 556 286 590 mam
318 549 554 603 migrasse,
597 551 670 593 ut,
715 542 853 598 quod,
893 543 930 582 si
962 543 1006 582 in
1039 555 1118 582 sua
1149 541 1322 582 colonia
1350 543 1627 593 mansissent,

172 626 315 667 facere
347 622 466 664 nullo
508 621 637 662 niodo
679 627 882 675 possent,
925 619 967 659 id
999 619 1147 660 Romae
1179 620 1223 659 in
1259 618 1385 660 turba
1419 619 1626 670 facerent,

171 703 310 744 veteri
336 713 490 742 census
523 699 752 754 diligentia
783 699 826 738 in
861 706 948 738 tam
983 711 1143 751 magna
1175 698 1351 737 civitate
1382 699 1466 738 iam
1501 711 1627 738 sene-

170 787 332 821 scente.
414 777 566 832 Itaque
601 784 767 816 tantum
800 774 947 830 legum
980 775 1246 830 quarundam
1281 773 1496 816 beneficio
1526 776 1626 816 data

172 865 264 898 erat
293 856 464 898 Latinis
494 862 611 896 certa
652 853 847 894 condicio
882 866 967 892 non
1006 853 1154 892 utendi
1185 851 1331 906 aliqua
1364 861 1484 906 parte
1519 854 1626 894 civi-

173 936 302 984 tatis,
346 934 422 974 sed
460 931 636 988 plenam
677 929 984 984 consequendi.
1062 927 1198 968 Velut
1236 942 1296 968 ex
1338 930 1418 979 iis,
1460 943 1554 984 quae
1587 945 1626 970 a.

174 1013 258 1052 177
287 1018 383 1052 acta
423 1025 448 1050 a
485 1009 616 1049 Livio
649 1013 880 1048 narrantur
923 1003 1020 1056 (lib.
1063 1003 1199 1055 XLI,
1235 1006 1307 1056 8),
1349 1013 1494 1060 patet,
1536 1006 1628 1047 illis

173 1085 439 1140 temporibus
468 1090 630 1140 (neque
669 1084 813 1133 enim,
854 1090 1111 1137 perpetuam
1150 1096 1245 1123 eam
1289 1081 1434 1137 legem
1476 1083 1628 1137 fuisse,

174 1172 336 1207 certum
368 1166 469 1215 est,)
497 1162 681 1203 Latinos
709 1161 828 1201 cives
855 1159 1074 1200 Romanos
1099 1157 1195 1200 fieri
1216 1161 1426 1214 potuisse,
1460 1162 1497 1201 si
1530 1163 1627 1202 stir-

169 1256 270 1297 pem
303 1254 363 1282 ex
393 1255 440 1282 se
471 1239 589 1280 domi
619 1237 921 1292 reliquissent3
954 1238 997 1277 in
1030 1251 1114 1292 qua
1144 1252 1192 1278 re
1216 1252 1347 1292 quum
1376 1238 1495 1279 fraus
1518 1238 1627 1279 mul-

171 1318 309 1374 tiplex
338 1324 615 1366 versaretur,
648 1322 696 1354 ut
727 1315 864 1368 stirpe
895 1313 1016 1354 nulla
1046 1314 1199 1355 relicta
1232 1316 1453 1356 civitatem
1485 1324 1625 1357 muta-

174 1404 299 1446 rent,
353 1394 504 1451 populi
545 1393 692 1433 Latini
741 1404 767 1432 a
811 1398 964 1431 senatu
1000 1390 1277 1445 postularunt
1319 1395 1640 1449 consecutique·

175 1481 290 1524 sunt,
315 1481 361 1512 ut
383 1472 473 1512 illis
499 1469 665 1512 artibus
683 1467 856 1509 obviam
879 1469 1029 1510 iretur.
1092 1467 1297 1509 Pluribus
1319 1468 1494 1523 legibus
1516 1485 1626 1526 prae-

173 1551 307 1590 mium
341 1548 510 1589 Latinis
539 1544 788 1587 hominibus
817 1546 1037 1586 civitatem
1071 1547 1350 1587 constitutam
1378 1547 1530 1598 fuisse,
1565 1563 1625 1590 ex

174 1626 397 1667 Ciceronis
431 1623 577 1666 verbis
611 1631 790 1679 apparet
818 1624 862 1662 in
892 1630 1000 1662 orat.
1030 1635 1107 1677 pro
1135 1621 1266 1663 Corn.
1290 1621 1416 1664 Balb2
1441 1626 1511 1676 24,
1541 1626 1626 1675 54;

173 1717 234 1745 ex
259 1702 415 1759 quibus
445 1717 533 1744 una
564 1709 657 1742 erat
689 1699 878 1742 Servilia
908 1699 961 1740 de
995 1700 1262 1755 repetundis,
1291 1699 1381 1742 lata
1411 1700 1626 1743 Marianis

172 1780 438 1834 temporibus
469 1788 569 1821 ante
602 1793 640 1839 a.
670 1777 771 1827 loo,
805 1791 890 1832 qua
914 1777 1074 1818 Latino
1105 1780 1371 1829 accusatori,
1403 1781 1474 1834 qui
1503 1795 1625 1822 reum

172 1859 445 1910 damnasset,
500 1858 655 1899 civitas
704 1853 886 1897 dabatur
938 1853 1046 1907 (Cic.
1091 1851 1200 1904 ide)
1225 1857 1279 1907 1).
1354 1856 1624 1913 Praecipuum

205 2036 242 2079 ¹)
266 2037 322 2070 Ex
349 2034 572 2080 fragmentis
599 2031 694 2078 legis
721 2029 912 2073 Serviliae,
948 2040 1026 2076 quoe
1053 2036 1276 2078 supersunt,
1315 2032 1434 2078 (edita
1458 2044 1626 2070 scorsum

267 2106 289 2130 n
315 2095 470 2129 Kicnzio
495 2093 664 2128 Berolini
698 2104 731 2127 a.
767 2092 876 2133 1825)
914 2092 972 2134 id,
1010 2093 1107 2137 quod
1144 2094 1189 2126 ad
1223 2093 1321 2127 hanc
1355 2105 1435 2128 rem
1471 2099 1626 2140 spectat,

268 2157 346 2190 liaec
371 2157 487 2189 verba
508 2155 625 2188 habet
654 2155 708 2198 (p.
735 2153 820 2196 91):
859 2152 921 2186 Sei
954 2155 1034 2196 quis
1063 2165 1206 2193 eorum,
1244 2154 1327 2197 quei
1357 2155 1466 2187 cce‘vc's
1491 2156 1625 2191 Roma-

268 2228 336 2250 nus
362 2228 429 2248 non
459 2216 548 2255 erit,
583 2215 653 2248 hac
678 2214 760 2258 lege
788 2213 898 2246 alteri
923 2225 1049 2246 nomen
1072 2239 1080 2246 .
1109 2239 1118 2247 .
1149 2239 1157 2247 .
1184 2238 1192 2247 .
1243 2215 1346 2248 lliue
1371 2215 1512 2249 Klenze
1538 2228 1625 2251 con-

266 2277 406 2317 cludit,
442 2274 635 2320 praemium
663 2274 708 2308 ml
736 2285 861 2308 omncs
887 2270 1106 2319 peregrinos
1133 2273 1380 2318 pertinuisse,
1409 2273 1628 2312 Ciceronem

265 2341 409 2369 tantum
447 2337 492 2369 de
528 2335 668 2369 Latinis
705 2335 872 2367 locutum
903 2345 1003 2375 esse,
1042 2335 1140 2377 quod
1176 2335 1372 2368 Cornelius
1406 2335 1551 2371 Balbus
1585 2351 1629 2373 ex

265 2397 464 2430 foederata
489 2395 641 2429 civitate
667 2398 773 2428 essct.
831 2394 904 2427 Sed
935 2403 1002 2427 cui·
1029 2394 1073 2426 de
1097 2393 1241 2428 Latinis
1272 2395 1415 2439 potius,
1445 2408 1555 2441 quam
1583 2401 1628 2433 dc

266 2455 466 2490 foederatis
501 2455 672 2489 omnibus
709 2454 862 2495 dixerit,
903 2466 1015 2498 quum
1051 2455 1258 2500 proesertim
1294 2456 1438 2490 Balbus
1472 2470 1543 2492 non
1585 2470 1629 2493 cx

262 2515 396 2550 Latina
423 2515 574 2550 civitate
600 2520 714 2556 esset,
741 2526 812 2549 uon
840 2519 1015 2560 appar-en
1043 2515 1124 2559 ipsa
1150 2515 1338 2549 Ciceronis
1362 2517 1496 2550 verba:
1526 2519 1627 2552 Lati-

267 2576 336 2616 nis,
366 2576 403 2608 id
429 2581 494 2615 est,
516 2573 736 2618 foederatis,
766 2575 986 2615 ostendunt,
1014 2575 1139 2620 legem
1170 2576 1215 2608 de
1243 2576 1383 2610 Latinis
1410 2577 1541 2619 fuisse,
1567 2579 1628 2612 Ci-

266 2647 439 2670 ceronem
469 2640 595 2670 autem
621 2636 767 2677 dicere,
805 2645 918 2680 quum
952 2633 1091 2669 Latinae
1128 2635 1296 2670 civitates
1322 2637 1520 2670 foederatae
1546 2638 1630 2671 suc-

264 2696 363 2737 rint,
389 2695 476 2728 inde
501 2695 667 2739 aliquid,
696 2696 793 2740 quod
822 2695 972 2730 omniuo
1000 2697 1045 2729 ad
1075 2697 1286 2730 foederatas
1313 2696 1519 2740 pertineat,
1547 2699 1629 2732 elu-

271 2766 368 2790 cere.
419 2755 550 2800 ltaque
575 2761 639 2790 aut
665 2757 757 2790 alibi
784 2755 819 2789 in
854 2756 940 2801 lege
976 2757 1119 2801 aliquid
1157 2757 1318 2802 positum
1351 2760 1432 2790 erat
1457 2760 1522 2790 aut
1549 2769 1628 2792 om>-

269 2815 357 2849 nino
383 2815 420 2849 iu
446 2816 527 2850 iure
555 2816 787 2861 institutum,
822 2828 894 2861 quo
929 2817 1040 2851 iatius
1074 2817 1169 2862 legis
1195 2817 1231 2850 in
1259 2817 1325 2850 illo
1355 2816 1439 2849 loco
1467 2819 1629 2852 vocabu-

267 2877 346 2909 lum
373 2875 418 2910 ad
445 2878 544 2912 solos
562 2877 713 2913 Latinos
740 2877 1048 2922 adstringeretur.
1101 2877 1284 2921 Equidem
1314 2876 1398 2910 aliis
1425 2878 1631 2922 peregrinis

1318 2943 1361 2978 18
