1981 3390
1512 247 1603 293 261

231 374 466 423 Praeneste,
495 372 586 413 alia
609 366 1021 423 distinguebantur)
1054 379 1128 407 eas
1161 379 1311 406 omnes
1344 365 1398 406 ub
1430 367 1553 405 initio
1587 367 1680 406 cius

231 450 368 492 solius
395 450 649 490 auctoritate
679 446 885 486 deductas
916 444 1104 485 credam.
1156 443 1234 483 11ae
1266 451 1366 483 suut
1396 451 1538 483 mitem
1574 457 1678 495 pru:-

234 536 299 568 ter
328 527 550 580 Signiam,
581 523 801 572 Circeios,
832 520 1040 571 Norbam,
1075 535 1179 575 quas
1214 522 1296 560 inm
1329 520 1681 568 conuiuarum-avi,

230 604 376 646 Ardea
416 607 476 651 (a.
520 602 646 650 442),
694 600 887 641 Sutrium
934 602 991 649 (a.
1034 600 1118 639 384
1155 598 1389 638 secuudum
1426 596 1682 646 Volteium),

229 678 396 734 Nepete
440 679 501 729 (a.
541 679 677 727 382),
717 678 838 718 Setia
877 678 935 727 (a.
973 677 1105 726 378),
1150 689 1329 729 quarum
1374 673 1600 723 deductio,
1645 674 1680 711 si

229 756 421 797 Ardeam
455 756 723 810 excipimus,
765 755 809 793 iu
848 767 900 793 ea
930 762 1123 806 tempora
1154 752 1329 802 incidit,
1374 750 1530 807 quibus
1558 758 1683 790 vetus

229 831 308 873 illa
372 832 690 880 Romanorum,
752 830 1009 870 Latinorum
1068 830 1442 883 Hernicorumque
1497 829 1683 868 societas

232 911 319 950 iam
351 908 498 950 multis
532 908 669 948 modis
701 907 883 947 infracta
914 914 1034 956 erat,
1064 906 1164 946 aliis
1195 905 1450 946 Latinorum
1484 907 1528 944 in
1561 912 1684 958 pote-

232 995 387 1028 statem
417 986 626 1035 redaotiS,
669 983 768 1024 aliis
802 990 899 1037 post
933 981 1223 1023 calamitatem
1254 982 1548 1022 Romanorum
1579 979 1684 1020 Gal-

229 1063 358 1104 licam
388 1070 581 1102 veterem
624 1059 872 1100 libertatem
918 1058 1268 1110 vindicantibus,
1313 1068 1361 1100 ut
1403 1059 1468 1100 11ae
1510 1058 1682 1113 quidem

230 1152 480 1182 couununes
513 1137 692 1179 coloniae
731 1150 827 1178 esse
869 1135 990 1177 nullo
1034 1136 1160 1177 modo
1205 1138 1440 1189 potuerint.
1518 1136 1683 1176 Setiam

230 1226 374 1258 tamen
416 1230 468 1257 eo
502 1229 641 1264 anno,
687 1229 814 1269 quem
846 1215 998 1267 posui,
1047 1227 1178 1254 novos
1226 1213 1404 1254 colonos
1444 1214 1684 1266 adscriptos

231 1293 387 1334 Livius
421 1301 580 1332 narrat.
658 1290 889 1341 Ceterum,
932 1305 1191 1346 quamquam
1222 1290 1287 1331 hae
1319 1290 1467 1346 populi
1500 1290 1684 1331 Romani

233 1369 415 1411 coloniae
458 1377 607 1419 erant,
660 1377 831 1418 tamen,
883 1382 976 1422 quae
1022 1367 1244 1408 veteribus
1294 1368 1463 1408 Latinis
1512 1365 1685 1421 populis

233 1445 431 1487 finitimae
463 1454 613 1496 erant,
645 1447 682 1485 si
715 1445 884 1500 quando
916 1445 961 1485 hi
991 1460 1016 1485 a
1046 1445 1253 1486 Romanis
1282 1447 1475 1499 graviter
1506 1443 1685 1483 disside-

234 1522 364 1574 bant,
405 1521 532 1563 faoile
576 1523 776 1562 videntur
819 1521 938 1562 allici
970 1524 1188 1576 potuisse,
1235 1524 1327 1576 ipsa
1362 1522 1582 1561 hominum
1615 1533 1685 1560 co-

232 1600 440 1656 gnatione
482 1613 534 1639 eo
578 1598 800 1648 trahente,
851 1606 898 1638 ut
939 1612 1095 1639 nomen
1139 1599 1345 1639 Latinum
1387 1604 1684 1652 sequerentur.

232 1675 384 1732 ltaque
417 1690 576 1731 quum,
619 1689 703 1730 quo
747 1690 861 1716 anno
897 1690 1103 1731 magnum
1144 1675 1253 1716 illud
1282 1676 1487 1716 Latinum
1521 1673 1683 1714 bellum

234 1760 481 1807 susceptum
525 1762 591 1793 est
627 1750 770 1808 (340),
820 1767 977 1794 nomen
1009 1754 1214 1794 Latinum
1248 1761 1452 1808 praetores
1488 1751 1686 1792 habuerit

234 1831 433 1873 Setinum
476 1838 520 1871 et
561 1829 854 1871 Circeiensem
899 1830 1015 1880 (Liv.
1055 1831 1188 1881 vul,
1233 1830 1305 1883 3),
1348 1831 1487 1885 possit
1529 1828 1687 1882 aliquis

233 1909 352 1963 ipsas
383 1906 485 1948 illas
518 1906 714 1947 colonias
744 1908 787 1947 in
820 1908 972 1948 foedus
1006 1908 1261 1948 Latinorum
1294 1915 1486 1962 receptas
1516 1908 1559 1945 in
1591 1920 1687 1960 par-

235 1992 322 2024 tem
352 1982 460 2024 belli
493 1985 666 2023 venisse
698 1992 877 2038 putare,
917 1986 999 2024 etsi
1030 1984 1072 2024 id
1106 1985 1157 2025 (le
1199 1984 1266 2024 his
1300 1998 1384 2024 uon
1417 1990 1563 2037 aperte
1603 1990 1685 2022 tra-

235 2060 380 2110 ditur,
417 2060 492 2100 sed
523 2060 575 2099 de
605 2059 789 2100 Velitris
825 2068 867 2100 et
898 2061 1066 2116 Signia.

352 2135 425 2178 Ab
457 2134 537 2176 hoc
583 2145 774 2191 tempore
809 2138 964 2177 certior
995 2136 1185 2178 historia:
1219 2137 1300 2178 lux
1333 2151 1401 2177 res
1432 2144 1579 2191 gestas
1613 2136 1685 2177 de-

235 2221 447 2254 monstrat
476 2222 518 2253 et
551 2213 683 2254 simul
714 2214 844 2254 latius
874 2216 1019 2270 spargi
1048 2214 1414 2269 multiplicarique
1441 2213 1688 2254 huiusmodi

237 2289 418 2332 coloniae
451 2299 710 2345 coeperunt,
748 2291 955 2331 Romanis
1000 2306 1026 2331 a
1066 2290 1225 2331 finibus
1266 2293 1401 2346 ipsius
1438 2289 1553 2329 Latii
1595 2289 1689 2329 lon-

235 2367 336 2428 gius
365 2381 486 2407 arma
517 2369 709 2408 victricia
739 2367 1156 2409 circumferentibus.
1217 2367 1352 2409 Cuius
1386 2369 1578 2408 universi
1611 2382 1686 2422 ge-

236 2445 354 2488 neris
387 2452 540 2486 natura
573 2453 620 2486 ut
644 2444 915 2500 intelligatur
948 2445 1211 2500 tollaturque
1245 2445 1474 2486 admiratio
1496 2460 1688 2500 quaeren-

235 2523 370 2572 tium,
407 2523 481 2577 qui
511 2523 701 2577 potuerit
737 2522 924 2578 populus
960 2522 1180 2563 Romanus
1224 2537 1300 2578 per
1339 2522 1504 2577 aliquot
1541 2522 1687 2562 secula

235 2600 424 2640 nationis
471 2599 662 2640 subactae
716 2614 795 2641 nec
838 2601 882 2640 in
923 2614 1049 2641 suum
1093 2614 1250 2654 corpus
1286 2608 1469 2654 receptae
1516 2599 1685 2638 auxilio

235 2675 346 2717 alias
375 2684 528 2732 gentes
561 2676 763 2718 subactas
798 2679 1044 2728 continere,
1078 2679 1207 2733 quive
1241 2678 1400 2717 suctum
1431 2677 1513 2726 sit,
1558 2684 1603 2714 ut
1635 2689 1686 2715 ne

235 2753 342 2798 belli
377 2754 548 2809 quidem
582 2754 757 2795 socialis
784 2755 947 2806 Latini,
978 2757 1049 2810 qui
1084 2764 1226 2796 tamen
1261 2755 1465 2796 Romana:
1496 2753 1686 2792 civitatis

234 2833 325 2886 spei
358 2832 550 2887 proximi
589 2831 723 2874 fuisse
758 2833 1010 2886 videantur,
1042 2842 1239 2877 auctores
1271 2841 1311 2873 ct
1347 2832 1560 2885 principes
1593 2830 1683 2872 suc-
