1981 3390
412 227 512 276 220

346 363 430 407 quo
461 354 656 404 spectare
687 344 858 386 videtur
888 344 1122 400 hospitium
1150 344 1371 401 publicum
1407 360 1432 387 a
1453 344 1661 387 Romanis
1690 359 1786 388 cum

346 426 575 469 Caeritibus
614 424 768 464 initum
802 422 921 473 (Liv.
953 423 1011 474 V,
1041 425 1129 475 50).
1203 422 1345 464 Multo
1379 423 1423 464 id
1452 425 1591 479 magis
1623 423 1788 464 factum

344 505 541 552 videtur,
583 515 712 556 quum
755 501 908 540 civitas
948 499 1094 554 aliqua
1130 499 1329 554 pluribus
1361 502 1448 540 iam
1480 503 1592 541 inter
1623 514 1669 540 sc
1696 500 1787 540 foe-

342 582 421 622 dus
451 578 709 620 habentibus
741 591 799 616 ex
830 590 950 630 aequo
983 576 1306 630 adiungeretur,
1339 577 1459 617 velut
1489 592 1619 632 quum
1649 576 1788 618 Roma

340 673 426 699 non
455 670 542 696 una
574 669 633 694 ex
666 654 834 693 Latinis
867 651 1114 692 civitatibus
1149 653 1263 692 facta
1294 662 1383 703 est,
1423 655 1500 694 sed
1542 669 1603 695 ex
1647 654 1785 695 altera

338 735 528 776 foederis
560 738 682 785 parte
715 728 914 769 omnibus
946 728 1116 768 Latinis
1147 737 1314 782 aequata
1340 731 1395 780 ¹).

457 810 562 850 Haec
594 821 724 863 quum
755 807 814 846 ita
853 807 1097 846 communia
1139 814 1284 846 essent
1324 805 1534 846 Italorum
1572 807 1784 856 instituta,

340 896 388 928 ut
417 887 568 928 eadem
603 892 717 925 esset
745 883 1039 924 Romanorum
1068 884 1180 923 inter
1209 882 1335 933 alios,
1366 897 1459 938 quae
1484 884 1596 923 inter
1628 881 1786 923 Roma-

342 978 421 1005 nos
463 963 818 1018 peregrinorum,
852 960 1073 1010 condicio,
1114 959 1264 1014 populi
1305 959 1489 1000 Romani
1531 959 1613 999 hoc
1653 973 1787 1022 unum

304 1063 305 1066 =
345 1049 411 1082 est
440 1040 687 1094 proprium,
733 1037 844 1091 quod
876 1050 933 1076 ex
961 1035 1158 1090 pluribus
1191 1034 1397 1091 stirpibus
1429 1037 1490 1076 ita
1520 1037 1787 1087 coniunctus,

340 1125 388 1157 ut
421 1115 531 1157 nulli
567 1115 829 1164 adhaereret,
863 1112 973 1153 nulli
1006 1113 1247 1164 eiusmodi,
1281 1113 1407 1168 quale
1441 1113 1677 1167 descripsi,
1710 1127 1785 1165 po-

338 1193 540 1249 pulorum
575 1192 739 1231 foederi
770 1191 998 1230 immixtus
1027 1189 1146 1229 solus
1177 1204 1254 1244 per
1283 1204 1330 1229 se
1361 1190 1575 1238 excrevit,
1606 1190 1784 1229 interie-

339 1278 432 1310 ctus
462 1271 575 1308 inter
595 1267 771 1307 illorum
792 1265 1068 1319 populorum,
1102 1264 1356 1319 quibuscum
1390 1265 1536 1320 aliqua
1566 1279 1624 1306 ex
1656 1273 1781 1320 parte

339 1354 547 1400 cognatus
579 1352 686 1393 erat,
719 1342 963 1382 foederatas
994 1342 1207 1382 civitates.
1264 1341 1379 1382 Hinc
1406 1356 1535 1397 quum
1557 1341 1645 1383 alia
1659 1357 1784 1397 repe-

335 1423 464 1464 tenda
492 1429 605 1470 sunt,
640 1418 998 1475 quemadmodum
1024 1419 1069 1457 in
1102 1417 1285 1458 coloniis
1318 1418 1499 1474 patebit,
1531 1427 1623 1460 tum
1654 1419 1780 1470 illud,

336 1499 448 1554 quod
479 1498 633 1537 dicam.
696 1495 840 1544 Quum
874 1494 1099 1549 paullatim
1131 1494 1423 1536 Romanorum
1456 1497 1648 1537 victoriis
1678 1497 1785 1537 effe-

336 1585 451 1617 ctum
488 1582 629 1623 essct,
670 1580 717 1611 ut
754 1579 992 1612 ceterarum
1039 1570 1310 1626 singularum
1349 1572 1520 1612 urbium
1563 1574 1607 1612 in
1654 1572 1784 1614 Italia

335 1655 535 1694 civitates
581 1650 709 1688 unius
753 1647 872 1688 urbis
916 1647 1077 1702 populo
1128 1657 1354 1702 parerent,
1406 1649 1592 1689 concilia
1637 1658 1783 1692 autem

334 1728 594 1782 foederaque
637 1725 825 1781 plurium
868 1726 1092 1765 cixitatum
1125 1725 1238 1766 inter
1278 1739 1324 1766 se
1366 1725 1624 1767 tollerentur
1644 1727 1702 1781 ²),
1737 1735 1781 1768 et

358 1925 393 1965 ι)
421 1922 546 1955 Multa
570 1920 706 1953 horum
734 1917 874 1952 similia
905 1919 1002 1962 apud
1031 1920 1178 1954 Graecos
1203 1919 1340 1962 fuisse,
1381 1930 1539 1963 quorum
1566 1922 1689 1953 tumen
1716 1929 1783 1964 po-

422 1981 504 2026 puli
536 1982 649 2024 longe
685 1978 806 2012 miuus
845 1978 986 2013 diversi
1022 1980 1168 2025 origine
1213 1979 1465 2023 institutisque
1500 1983 1625 2021 erant,
1671 1990 1784 2024 quam

421 2041 568 2081 Latini,
593 2038 762 2079 Etrusci,
797 2039 949 2081 Umbri,
991 2045 1119 2073 notum
1155 2044 1221 2074 est.
1280 2041 1455 2073 Ceterum
1490 2039 1568 2073 haec
1594 2051 1637 2074 eo
1663 2039 1785 2085 magis

421 2100 636 2135 summatim
661 2099 792 2144 attigi,
835 2100 932 2144 quod
969 2104 1082 2133 totam
1121 2100 1319 2134 Nicbuhrii
1353 2101 1399 2133 dc
1421 2099 1613 2144 isopolitia
1643 2105 1679 2134 ct
1702 2111 1784 2134 mu-

422 2162 559 2205 nicipio
595 2160 886 2203 disputationem
921 2159 1136 2193 accuratius
1174 2161 1380 2194 limandam
1415 2165 1504 2204 puto
1542 2165 1579 2194 et
1604 2171 1781 2206 magnam

420 2221 498 2253 cius
528 2225 671 2264 partem
696 2219 958 2260 reficiendam,
997 2221 1042 2252 dc
1082 2232 1153 2264 quo
1189 2221 1304 2264 paulo
1331 2224 1412 2264 post
1437 2219 1571 2253 dicam.
1633 2220 1705 2252 Sed
1731 2219 1780 2253 nd

422 2280 649 2314 connubium
686 2290 728 2311 ex
763 2279 1020 2321 antiquissimo
1059 2280 1212 2312 foedere
1249 2283 1392 2322 spectat
1419 2278 1585 2311 narratio
1612 2278 1707 2311 Livii
1734 2280 1779 2312 tle

422 2340 560 2384 nuptiis
591 2338 737 2372 octavii
760 2338 921 2370 anilii
946 2338 1153 2370 Tusculani
1180 2342 1215 2370 ct
1242 2338 1326 2370 nlioe
1352 2338 1549 2381 Tarquinii
1574 2338 1630 2380 (1,
1656 2338 1720 2381 49)
1744 2343 1782 2373 ct

418 2398 587 2443 Dionysii
615 2398 739 2430 llulic.
790 2398 881 2439 (vl,
915 2397 953 2439 l)
984 2397 1028 2429 dc
1052 2397 1226 2429 uxoribus
1248 2397 1410 2430 remissis
1433 2402 1518 2430 autc
1539 2409 1703 2442 pugnam
1731 2399 1779 2432 ad

418 2461 543 2494 lucum
573 2458 789 2502 Regillum,
828 2468 978 2501 qumque
1003 2457 1128 2490 Livius
1159 2459 1240 2500 (lv,
1278 2457 1318 2499 3)
1344 2457 1566 2490 Canuleium
1592 2458 1778 2492 dicentem

419 2519 531 2553 facit:
565 2519 781 2551 Conuuhe'um
805 2519 974 2560 petimus,
1005 2518 1099 2559 quod
1119 2517 1293 2558 finitimis
1319 2518 1542 2560 aternisque
1563 2519 1648 2551 (lari
1670 2520 1774 2553 solet.

419 2582 473 2614 Ex
503 2590 567 2619 co,
604 2579 700 2622 quod
728 2577 925 2621 Dionysius
953 2577 1151 2621 aliquoties
1185 2579 1374 2612 Romanos
1405 2582 1440 2612 et
1475 2578 1627 2613 Latinos
1655 2592 1775 2624 συγγε-

418 2643 491 2674 νὲῖς
520 2640 708 2684 appellnt,
736 2638 828 2671 nihil
855 2638 1027 2671 eflicitur.

353 2706 390 2740 ²)
419 2703 502 2735 lloc
531 2701 576 2733 «le
600 2699 740 2733 Latinis
778 2703 813 2732 ot
849 2697 1023 2732 lim-nivis
1049 2697 1175 2731 Lixius
1202 2697 1315 2731 tradit
1342 2699 1468 2739 (vnt‘,
1505 2699 1559 2732 lt.
1588 2701 1661 2743 lx,
1683 2699 1773 2743 43);

417 2763 478 2795 scil
511 2750 606 2793 idi-iu
635 2760 670 2794 in
697 2760 871 2799 Etruria,
913 2758 1086 2799 Suumio,
1128 2757 1218 2790 alibi
1247 2759 1388 2792 suctum
1416 2769 1514 2799 csse,
1554 2763 1690 2793 natura
1718 2760 1773 2793 ιϊί

420 2824 454 2857 ci
490 2821 714 2866 insequentis
751 2819 866 2857 oetatis
895 2818 1050 2855 historia
1089 2818 1259 2856 ostendit.
1318 2819 1448 2854 Omnis
1482 2818 1561 2854 cius
1596 2819 1772 2861 liistorioe,

1970 2164 1971 2172 ⁴
1970 2086 1981 2146 ⁴†⁴
1970 2040 1981 2076 ⁴1⁴
1968 1616 1981 2026 ⁴·--—=-=⁴½„—-—-‘-†⁴⁴⁴-„
1970 1527 1971 1604 ⁴⁴ss
1969 1490 1971 1514 -
1970 1469 1971 1478 ⁴
1968 1343 1971 1450 ⁴——·-‘
