1981 3390
424 265 522 317 140

353 387 587 438 iudicium,
631 385 888 443 exquibus
930 386 1194 440 Lambinus,
1249 389 1323 444 qui
1362 387 1572 429 orationis
1613 385 1797 428 formam

351 466 546 517 viderat,
577 464 878 520 interpolando
919 466 1065 506 effecit
1103 465 1302 506 inutilem
1345 466 1580 521 superioris
1623 472 1798 504 senten-

350 544 421 585 tiae
453 544 755 599 repetitionem
794 542 891 596 (qni
917 541 997 582 hoc
1027 543 1236 584 iudicium
1265 544 1507 597 conflavit).
1586 542 1674 584 Sed
1704 540 1798 582 illis

350 620 499 663 verbis
542 621 784 661 continetur
832 618 1053 684 adnotajio
1095 620 1280 661 alicuius
1327 619 1796 671 monentis,‚numinis

350 697 485 739 delati
535 698 799 737 mentionem
861 696 914 736 ad
973 695 1054 737 hoc
1109 698 1251 752 ipsum
1303 698 1510 738 iudicium
1561 684 1796 752 pertinere.

349 776 586 816 Extremus
625 775 681 815 sit
713 788 772 815 ex
811 773 892 814 hac
933 775 1128 814 oratione
1161 773 1308 825 locus,
1349 775 1423 829 qui
1454 789 1491 814 c.
1519 776 1589 825 47,
1621 777 1704 815 136
1733 776 1796 815 ita

349 852 484 907 vulgo
515 853 698 911 scriptus
730 859 903 893 exstat:
949 849 1055 898 Quis
1084 854 1196 892 enim
1227 856 1348 902 erat,
1388 854 1466 906 qm·
1493 863 1584 891 non
1612 852 1796 901 videret,

347 929 631 972 humilitatem
683 943 775 970 cum
825 929 1044 983 dignitate
1085 929 1138 969 de
1177 929 1463 984 amplitudine
1480 927 1796 987 *contenderess'

345 1009 457 1049 mira
507 1008 717 1048 oratione.
805 1005 950 1056 Quum
991 1007 1106 1047 enim
1154 1006 1376 1048 humilitas
1419 1014 1463 1047 et
1501 1006 1695 1060 dignitas
1733 1006 1796 1046 ita

344 1092 586 1141 ponantur,
615 1092 662 1124 ut
688 1092 833 1139 partes
859 1086 989 1137 ipsae,
1018 1098 1112 1140 quae
1144 1084 1381 1135 certabant,
1412 1092 1629 1135 notentur,
1661 1082 1794 1138 plane

346 1162 539 1203 eiusdem
562 1163 736 1216 generis
755 1161 1030 1212 vocabulum,
1060 1162 1311 1216 amplitudo,
1343 1163 1624 1204 vitiosissime
1638 1163 1700 1202 ita
1721 1161 1795 1202 ad-

345 1241 484 1291 ditur,
528 1248 575 1280 ut
620 1253 795 1295 prorsus
838 1239 926 1280 alio
969 1240 1096 1280 modo
1137 1239 1319 1281 dicatur.
1389 1238 1560 1279 Deinde
1587 1252 1794 1293 perverse

343 1319 456 1358 inter
493 1331 541 1357 se
576 1317 822 1357 referuntur
852 1315 1073 1357 humilitas·
1103 1324 1146 1357 et
1178 1316 1398 1371 dignitas,
1441 1330 1535 1372 quae
1566 1316 1793 1357 contrariae

343 1409 430 1436 non
462 1401 587 1444 sunt3
621 1407 761 1449 neque
794 1395 909 1435 enim
942 1394 1139 1449 dignitas
1168 1395 1230 1435 ita
1257 1393 1454 1436 absolute
1483 1395 1685 1449 ponitur,
1712 1407 1793 1434 nec

341 1472 540 1513 homines
573 1479 674 1512 sunt
703 1472 850 1527 digni,
881 1480 929 1512 ut
956 1471 1166 1521 humiles3
1198 1486 1278 1513 nec
1306 1471 1530 1514 humilitas
1560 1472 1612 1511 de
1638 1469 1793 1526 ampli-

341 1550 490 1590 tudine
524 1557 689 1590 certare
715 1557 908 1603 poterat3
952 1564 1091 1605 neque
1121 1551 1235 1591 enim
1276 1563 1465 1605 unquam
1498 1548 1659 1591 habere
1692 1561 1791 1589 eam

340 1635 499 1684 potest.
571 1625 810 1668 Contrariae
837 1635 936 1668 sunt
967 1626 1190 1668 humilitas
1224 1635 1268 1668 et
1299 1626 1566 1682 amplitudo,
1601 1624 1790 1666 humiles

341 1704 540 1746 homines
579 1713 622 1745 et
665 1704 946 1765 amplissimi3
985 1706 1018 1746 ii
1056 1704 1302 1756 certabant,
1341 1706 1428 1745 utri
1471 1704 1570 1760 plus
1599 1710 1792 1760 possent.

341 1781 561 1823 Tollenda
592 1784 737 1838 itaque
770 1791 862 1824 erat
894 1783 1126 1838 dignitatis
1158 1797 1276 1834 VOX‚
1301 1782 1517 1836 adscripta
1548 1782 1601 1823 ad
1634 1780 1790 1837 ampli-

340 1860 502 1900 tudinis
542 1865 699 1901 nomen
731 1860 913 1902 barbare
954 1861 1352 1916 interpretandum,
1390 1860 1545 1901 deinde
1584 1859 1710 1900 illata
1739 1860 1787 1899 in

339 1939 595 1979 orationem.
670 1940 816 1981 Sensit
849 1939 1061 1990 fortasse,
1105 1953 1191 1980 non
1223 1937 1423 1989 sustulit,
1455 1938 1788 1993 perversitatem

337 2015 528 2071 vulgatae
551 2017 788 2071 scriptume,
818 2018 1011 2072 quisquis
1041 2025 1191 2057 auctor
1224 2017 1307 2057 fuit
1337 2017 1442 2066 (nisi
1473 2017 1511 2056 is
1545 2029 1669 2056 casus
1703 2016 1785 2068 est)

337 2096 448 2145 eius,
482 2108 608 2149 quam
638 2095 683 2135 in
709 2109 796 2136 una
829 2093 1052 2151 alteraque
1082 2094 1272 2136 editione
1303 2094 1410 2146 vidi,
1444 2107 1536 2134 cum
1566 2093 1786 2149 dignitate

335 2178 379 2214 et
413 2171 713 2225 amplitudine.

456 2249 528 2289 Ex
561 2250 754 2289 oratione
797 2248 849 2289 de
882 2250 1063 2303 imperio
1099 2248 1178 2289 Cn.
1207 2250 1431 2303 Pompeii,
1475 2249 1671 2290 codicum
1700 2261 1783 2303 ope

338 2326 599 2377 emendatae,
642 2339 752 2365 unus
793 2334 990 2379 superest
1031 2325 1182 2376 locus,
1223 2326 1276 2366 de
1318 2340 1400 2380 quo
1441 2314 1526 2365 diei
1566 2338 1674 2379 opus
1711 2325 1783 2366 sit.

339 2403 389 2446 C.
419 2407 470 2455 9,
500 2405 556 2444 25
587 2402 768 2459 legitur:
800 2401 944 2443 Sc'm'le
972 2401 1052 2442 lwc
1084 2403 1192 2451 loco,
1232 2401 1438 2452 Quirites,
1473 2424 1524 2433 -
1554 2405 1783 2456 praeterire

337 2496 403 2524 me
444 2487 631 2522 nostram
667 2482 987 2532 >ε’,αῐαηιίίαίθηιθ
1036 2493 1130 2535 quse
1175 2485 1299 2521 lanta
1325 2479 1451 2530 full,
1498 2484 1548 2520 ut
1587 2493 1679 2520 eam
1722 2479 1783 2521 ad

337 2573 465 2601 aures
507 2559 562 2600 L.
602 2559 784 2600 Luculli
824 2572 907 2598 non
949 2571 1007 2598 αι·
1046 2559 1212 2612 proelio
1256 2562 1454 2607 nuntius,
1496 2557 1574 2598 sed
1604 2569 1664 2597 ea:
1692 2570 1781 2597 ser-

336 2651 458 2679 mone
496 2652 639 2678 rumor
683 2638 888 2688 afferrem
940 2636 1187 2690 significnvi
1220 2644 1363 2676 autem
1406 2637 1449 2675 in
1491 2636 1712 2689 margine,
1755 2648 1780 2674 e

337 2717 534 2770 vestigiis·
583 2716 739 2756 codicis
778 2714 1042 2766 Ersnrtensis
1083 2714 1312 2770 legendum
1348 2714 1506 2754 videri:
1548 2712 1608 2753 ad
1652 2725 1779 2752 aures

333 2797 620 2848 imperatoris.
684 2793 761 2833 Est
810 2793 924 2833 enim
966 2797 1008 2832 in
1054 2791 1129 2832 illo
1165 2792 1309 2832 codice
1349 2791 1408 2832 ml
1437 2803 1564 2831 aures
1601 2788 1779 2830 Luculli

335 2875 617 2927 imperatoris.
682 2870 772 2913 Iam
805 2877 936 2926 patet,
970 2869 1078 2911 illud
1113 2867 1373 2912 vocabulum
1403 2868 1568 2911 nomini
1599 2867 1774 2923 proprio
