1981 3390
461 265 556 314 138

387 386 544 442 peiana
574 387 619 448 in
649 385 902 442 praefatione
935 388 1139 443 exposui.
1195 387 1266 429 Ex
1301 386 1368 429 his
1398 394 1542 429 autem
1574 385 1834 430 discrimini·

389 461 469 505 bus
510 463 619 504 illud
665 463 876 515 efficitur,
928 465 1286 520 quemadmodum
1333 464 1397 507 ibi
1446 466 1499 507 de
1547 464 1616 506 his
1667 465 1836 508 duabus

386 541 657 583 orationibus
700 542 876 592 monui,
926 550 973 581 ut
1017 544 1162 583 varius
1207 544 1436 584 admodum
1475 545 1533 584 sit
1577 544 1835 585 coniecturae

387 632 514 669 usus,
544 620 666 659 varia
700 620 825 660 rasio.
908 618 963 658 Et
993 621 1201 660 orationis
1233 621 1404 675 quidem
1436 635 1512 677 pro
1541 622 1643 662 Sex.
1675 619 1834 662 Roscio

385 697 624 751 praecipuas
664 695 1014 746 emendationes,
1063 710 1156 750 quae
1202 699 1449 739 coniectura
1487 699 1707 750 nituntur,
1749 700 1838 740 iam

384 773 462 814 illo
489 772 586 813 loco
616 781 868 827 persecutus
899 786 1008 813 sum.
1072 773 1182 813 Sunt
1212 781 1356 814 tamen
1385 776 1514 829 pauci
1545 776 1639 816 eius
1675 778 1836 818 oratio-

385 852 453 892 nis
483 849 571 891 loci
605 851 650 890 in
694 849 772 891 illa
809 850 1064 905 praefatione
1099 852 1272 900 omissi,
1325 851 1378 891 de
1417 849 1573 906 quibus
1613 850 1699 892 hoc
1738 852 1835 894 loco

385 927 579 970 breviter
609 927 762 970 dicam.
830 926 1001 969 Mutata
1032 927 1162 969 lectio
1197 936 1263 969 est
1295 929 1541 969 coniectura
1572 942 1609 969 c.
1639 929 1710 980 49,
1738 930 1836 981 143,

383 1005 456 1047 ubi
488 1019 618 1061 quum
641 1005 862 1047 ederetur:
899 1005 936 1047 V
935 1019 1051 1046 erum
1076 1004 1168 1047 leoec
1191 1008 1326 1046 omnis
1350 1008 1492 1046 oratio
1515 1005 1588 1056 (ut
1611 1009 1699 1047 iam
1734 1012 1838 1048 ante

384 1084 504 1137 dim)
537 1096 630 1124 mea
671 1088 760 1134 est,
797 1095 883 1137 qua
921 1096 986 1124 me
1016 1087 1085 1124 uli
1108 1097 1178 1124 res
1204 1082 1383 1137 publica
1413 1088 1459 1124 et
1487 1082 1610 1124 dolor
1644 1097 1764 1125 mem
1791 1090 1837 1126 et

381 1166 559 1203 istorum
585 1163 753 1201 iniuria
785 1166 942 1215 coe'get.
1020 1159 1112 1202 Sed
1149 1161 1335 1202 Roscius
1377 1159 1525 1201 horum
1566 1159 1681 1202 nillil
1719 1161 1834 1203 indi-

377 1253 509 1294 gnum
534 1244 689 1292 pedat,-
735 1243 943 1279 nemiuem
975 1243 1180 1286 aco-usca,-
1227 1245 1337 1288 etc.,
1382 1251 1465 1293 ego
1495 1238 1632 1279 edidi:
1666 1243 1831 1292 coegit,-

383 1315 492 1357 Sex.
526 1316 710 1356 Roscius
742 1314 952 1356 facillima
982 1314 1311 1365 emendatione,
1344 1315 1591 1355 necessaria
1614 1314 1666 1355 de
1688 1329 1834 1367 causa,

380 1394 462 1435 etsi
493 1394 635 1433 minus
666 1392 851 1433 fortasse
885 1400 1050 1447 aperta.
1122 1390 1277 1447 Neque
1320 1392 1436 1432 enim
1481 1390 1565 1434 hoe
1596 1390 1695 1434 loco
1726 1392 1835 1434 obii-

379 1472 490 1513 citur
519 1469 682 1526 aliquid
714 1469 1013 1525 superioribus
1044 1469 1324 1510 adversativo
1355 1469 1511 1520 modo,
1554 1471 1834 1525 quemadmo-

379 1549 480 1590 dum
527 1547 813 1599 obiiceretur,
862 1549 899 1588 si
939 1548 1145 1602 scriptum
1190 1554 1327 1588 esset:
1371 1545 1465 1588 kaec
1506 1535 1655 1588 dicere
1698 1549 1831 1598 volni,

379 1627 457 1668 sed
491 1625 694 1680 prohibet
731 1616 936 1675 Ro‘scms,
978 1625 1054 1665 sed
1099 1624 1403 1680 distinguitur,
1458 1624 1559 1680 quid
1604 1624 1830 1666 Ciceronis

379 1705 464 1755 sit,
496 1703 597 1759 quid
628 1702 776 1744 Roscii
810 1702 938 1766 aliter
969 1703 1222 1752 sentientis,
1255 1703 1301 1742 in
1335 1716 1418 1757 qua
1450 1703 1659 1743 orationis
1689 1702 1832 1745 forma

378 1796 464 1823 non
495 1782 634 1837 magis
666 1781 744 1822 secl
771 1782 969 1837 ponitur,
998 1795 1124 1836 quam
1158 1781 1202 1820 in
1232 1778 1331 1821 illa:
1377 1778 1458 1820 hoc
1496 1779 1718 1822 Ciceronis
1747 1787 1826 1831 est,

375 1873 460 1901 non
489 1860 654 1901 Roscii.
729 1859 816 1901 Sed
849 1860 886 1900 si
928 1860 997 1900 cui
1035 1859 1116 1900 hoc.
1159 1859 1302 1899 minus
1333 1859 1609 1913 perspicuum
1644 1858 1829 1909 videtur,

378 1937 542 1978 accedit
571 1951 624 1977 ea
647 1952 803 1989 causa,
848 1937 959 1994 quod
990 1936 1142 1978 Cicero
1185 1949 1405 1991 nunquam
1435 1936 1480 1976 in
1506 1935 1587 1977 hac
1616 1930 1828 1987 oratione,

376 2016 451 2058 ubi
490 2016 543 2057 ad
576 2014 779 2056 clientem
822 2017 915 2056 eius
957 2015 1070 2056 redit
1112 2015 1277 2063 oratio,
1327 2012 1583 2069 simpliciter
1624 2013 1830 2055 Roscium

377 2094 582 2150 appellat,
612 2093 687 2134 sed
711 2093 817 2135 Sex.
839 2092 1043 2134 Roscium
1083 2090 1267 2132 vitandae
1297 2090 1595 2147 ambiguitatis
1628 2091 1827 2145 causa1).

403 2213 438 2253 ²)
464 2211 627 2249 Eadm,
666 2213 706 2242 ut
734 2208 888 2253 opinor,
919 2207 1100 2241 correctio
1139 2206 1352 2241 adhibenda
1379 2211 1433 2242 est
1457 2207 1564 2243 Brut.
1596 2207 1654 2249 25,
1680 2207 1738 2249 97,
1766 2206 1829 2242 ubi

468 2270 666 2305 scribitur:
696 2269 767 2301 Sed
787 2268 952 2310 Pompeii
976 2272 1062 2300 sunt
1088 2268 1227 2310 scripta
1252 2280 1317 2302 nec
1341 2268 1447 2301 nimis
1464 2262 1828 2311 extenuatasquam-

469 2342 575 2376 quam
610 2334 769 2363 veterum
806 2331 857 2360 cst
895 2327 1042 2368 similis)
1082 2331 1117 2359 ct
1149 2327 1261 2370 plena
1293 2328 1508 2370 prudentius.
1567 2327 1726 2361 Reditus
1761 2326 1829 2361 ille

468 2391 647 2426 orationis
682 2390 728 2423 nd
754 2390 797 2433 Q.
826 2387 1068 2432 Pompeium,
1105 2399 1212 2432 quem
1241 2388 1409 2432 fingunt,
1447 2388 1593 2422 nullam
1620 2388 1738 2423 habet
1763 2398 1824 2422 ra-

466 2453 605 2488 tionem
633 2451 668 2485 in
694 2449 818 2484 media
850 2448 1150 2490 enumerationc;
1187 2459 1252 2481 ncc
1289 2448 1357 2482 iila
1387 2447 1478 2481 Tum
1503 2448 1543 2482 L.
1578 2448 1727 2482 Cassius
1754 2452 1825 2482 etc.

468 2513 520 2548 sic
547 2511 787 2557 interposuit,
824 2514 1001 2554 tanquam
1026 2509 1147 2542 minus
1178 2509 1289 2542 claris
1315 2508 1617 2543 commemoratis
1643 2509 1690 2543 ad
1715 2507 1826 2543 illum

466 2574 654 2608 rediturus
690 2576 796 2607 essct.
864 2571 1038 2606 Aliorum
1086 2574 1212 2604 autem
1260 2570 1485 2605 mutationes
1520 2569 1692 2605 violentoe
1729 2573 1827 2611 sunt,

464 2647 532 2670 nec
556 2635 644 2669 eatis
670 2638 756 2680 apta
785 2633 993 2678 particula,
1019 2643 1128 2677 quam
1155 2631 1385 2677 relinquunt.
1443 2632 1542 2667 Tota
1567 2631 1691 2665 forma
1714 2629 1826 2664 huius

465 2696 713 2743 pereni-sionis
742 2699 933 2729 oratorum
960 2705 1091 2738 parum
1122 2693 1305 2727 nobilium
1332 2693 1521 2738 postulat,
1553 2695 1594 2726 ut
1621 2691 1682 2724 hic
1707 2701 1824 2724 novus

466 2762 593 2792 oraton·
616 2757 847 2798 nominetur-3
873 2756 1073 2802 legendum
1102 2759 1155 2789 cst
1182 2755 1332 2798 itaque:
1364 2753 1444 2788 Sex.
1471 2751 1646 2796 Pompeii.
1708 2751 1823 2785 Intel-

465 2823 638 2867 ligcndui«
682 2820 829 2854 videtur
863 2819 929 2852 Cn.
974 2816 1167 2850 Strabonis
1213 2819 1249 2849 ct
1284 2814 1367 2849 Sex.
1408 2813 1600 2858 Pompeii.
1640 2812 1822 2847 iuriscon-

464 2883 554 2920 sulti
583 2887 617 2918 c!
644 2879 778 2919 Stoici,
811 2881 918 2925 pater
948 2877 1038 2919 (vid.
1069 2878 1173 2911 Brut.
1200 2877 1268 2916 ⁴27,
1300 2873 1398 2918 175).
