1981 3390
1423 266 1520 315 203

147 390 190 431 id
233 390 305 431 vel
350 389 541 431 maxime
584 384 948 434 immortalitatis,
1001 394 1046 423 ut
1088 383 1166 424 illa
1205 386 1420 426 sententia
1458 385 1589 441 longo

148 467 276 508 aliter
301 467 449 508 efferri
479 462 700 511 debuerim
746 470 789 502 et
821 463 1140 510 inconstantem
1190 461 1272 503 hoc
1303 464 1417 503 enim
1448 464 1589 517 ipsum

147 544 359 597 disputat,
388 542 560 583 divinos
590 540 775 581 honores
806 540 858 579 iis
889 538 1111 580 habendos
1142 553 1225 580 non
1257 554 1378 591 esse,
1409 554 1593 596 quorum

146 620 424 662 mortalitatis
455 627 756 669 monumenta,
788 617 987 672 sepulcra
1019 625 1061 657 et
1092 617 1360 672 parentalia,
1392 626 1591 665 exstent3

146 699 293 753 itaque
334 698 575 750 praecessit:
618 701 665 736 u!
693 696 947 749 parentalia
974 708 1063 735 cum
1095 695 1483 749 supplecanontbm·
1515 699 1593 736 nn·-

148 781 383 816 wereutur.
446 775 671 815 Postremo
708 774 883 814 omnino
917 786 1001 813 non
1035 773 1087 813 de
1121 771 1292 814 Caesare
1323 772 1414 814 haec
1445 773 1593 814 dicuu-

149 863 240 903 tur,
283 853 358 893 sed
403 852 606 891 universe
653 852 940 905 proximeque
982 851 1034 890 de
1077 863 1154 900 eo,
1211 852 1332 890 cuius
1374 852 1595 906 praecessit

152 932 330 981 mentio,
363 928 512 970 Bruto.
576 926 694 968 Dicit
718 929 856 967 enim:
887 925 1020 967 Nihil
1043 926 1154 976 dico,
1188 930 1272 966 cuo'.
1333 926 1491 968 Fuerit
1518 929 1597 968 ille

149 1007 337 1056 Brutue,
375 1029 433 1037 -
463 1004 639 1055 {adduci
666 1009 808 1043 {anien
842 1016 927 1043 nou
965 1016 1157 1057 possem,
1197 1008 1247 1043 uc
1286 1016 1595 1058 quemquam

150 1089 359 1124 mortuum
401 1085 703 1136 coniungerem
757 1094 850 1122 cum
894 1081 1194 1121 immortalium
1246 1081 1484 1136 religione,
1535 1086 1596 1130 ut,

151 1164 273 1201 culus
315 1160 555 1213 sepulcrum
598 1171 826 1213 usquam
861 1163 1026 1206 emtee,
1075 1166 1157 1198 etc·
1232 1158 1305 1198 Sic
1351 1159 1467 1198 enim
1506 1159 1596 1199 iam

150 1246 269 1293 patet
315 1235 591 1277 scribendum
639 1250 734 1276 esse
784 1249 843 1275 ex
894 1234 1189 1290 compluribus
1239 1236 1360 1276 codd.
1410 1235 1598 1290 (duobus

153 1314 302 1364 Grut.‚
347 1312 500 1354 Colon.
531 1311 727 1363 Graevii).
785 1311 900 1353 Mire
942 1311 1095 1352 Cicero
1124 1313 1176 1352 ad
1207 1306 1397 1367 praesens
1430 1322 1601 1367 tempus

155 1392 325 1432 transiit
358 1391 428 1441 (ut
451 1413 508 1422 —
535 1391 844 1443 supplicam),
880 1398 1082 1444 tanquam
1116 1402 1202 1430 non
1235 1389 1601 1440 conditionaliter,

154 1469 228 1508 sed
261 1467 518 1522 simpliciter
557 1467 743 1506 dixisset
782 1475 825 1507 et
865 1466 1152 1522 generaliter:
1195 1467 1360 1507 adduci
1392 1480 1476 1507 uon
1503 1479 1602 1520 pos·

152 1558 266 1594 sum,
300 1550 350 1584 ul·
376 1556 624 1597 quemquam
655 1547 926 1598 coniungam.

267 1621 383 1662 Huic
414 1620 510 1662 loco
544 1620 698 1661 addam
731 1634 790 1661 ex
824 1621 976 1661 eadem
1010 1622 1204 1662 oratione
1235 1620 1393 1672 alium,
1443 1622 1485 1661 in
1517 1635 1604 1676 qua

157 1699 362 1741 Vaticani
389 1697 547 1739 codicis
580 1699 852 1750 scripturam,
884 1712 969 1738 non
1003 1706 1118 1739 recte
1146 1697 1200 1738 ab
1225 1698 1427 1739 omnibus
1444 1699 1604 1754 impro-

153 1776 314 1827 batam,
344 1777 428 1816 nisi
447 1775 501 1817 ab
523 1789 610 1816 uno
628 1774 819 1825 Murem,
852 1777 996 1831 recepi
1019 1778 1072 1827 1).
1130 1775 1242 1818 Nam
1264 1791 1298 1817 c.
1315 1777 1382 1827 15,
1414 1778 1471 1817 37
1503 1776 1604 1816 ede-

153 1853 302 1896 batur:
333 1853 546 1908 Equa‘dem-
578 1857 617 1893 ἡ·
650 1866 754 1903 sum,
785 1856 862 1908 qui
893 1857 997 1893 istos
1025 1850 1231 1907 pletum-§3⁸
1253 1867 1377 1908 quum
1414 1868 1440 1894 α
1469 1867 1604 1907 popu-

156 1931 321 1973 laribus·
351 1930 516 1972 civibus
549 1929 865 1979 tribuerentur,
901 1944 1065 1984 semper
1097 1935 1441 1984 contempser17m3
1472 1931 1605 1970 idem-

157 2022 260 2063 que,
291 2021 416 2062 quum
451 2022 478 2047 a
508 2011 703 2056 summes,
737 2007 915 2055 mediis,
955 2007 1148 2056 infimis,
1179 2020 1303 2060 quum
1334 2006 1518 2060 (leuique
1550 2006 1604 2047 ab

156 2088 373 2126 universis·
401 2083 481 2124 lcoc
510 2084 621 2124 idem
636 2082 712 2132 fit,
734 2106 785 2113 —
806 2097 890 2123 nou
915 2085 1113 2137 plausum
1146 2084 1265 2123 illum
1293 2083 1370 2123 secl
1398 2084 1605 2124 iudicium

155 2168 276 2218 puto.
338 2161 484 2216 Atque
513 2160 622 2202 illud
647 2175 674 2201 a
699 2160 981 2215 popularibus·
1010 2161 1138 2216 plane
1170 2159 1426 2202 confirmare
1457 2161 1606 2203 viden-

183 2327 223 2371 ²)
251 2327 328 2361 Cur
342 2326 377 2367 9,
406 2324 450 2359 21
471 2325 653 2369 (manere)
676 2329 712 2361 et
737 2326 795 2366 13,
825 2326 868 2361 31
887 2327 1086 2371 (veterani)
1103 2326 1227 2360 mendi
1246 2329 1371 2360 notam
1386 2326 1606 2369 addiderim,

246 2397 406 2433 paucos,
433 2386 463 2420 si
489 2386 738 2428 attenderint,
765 2387 951 2421 rationem
976 2388 1222 2433 requisituros
1251 2392 1352 2433 puto.
1404 2388 1500 2422 Nam
1529 2401 1609 2430 nec,

246 2448 344 2494 quod
371 2447 446 2482 iam
464 2447 650 2481 Patricius
667 2448 805 2490 sensit,
832 2449 891 2483 lex
907 2451 1161 2494 promulgata,
1187 2448 1217 2483 si
1238 2448 1442 2494 perfertur,
1467 2461 1611 2482 manere

244 2508 395 2549 dicitur,
421 2508 518 2552 quod
545 2507 643 2542 cadit
665 2507 703 2541 in
733 2513 897 2543 veterem
925 2511 1074 2555 legem,
1101 2521 1179 2554 quoe
1205 2521 1277 2542 non
1304 2510 1503 2552 aboletur,
1530 2522 1610 2550 uec,

248 2568 424 2614 quicquid
461 2568 690 2602 Garatonius
716 2569 826 2612 dicit,
864 2576 947 2614 post
981 2571 1134 2605 Caesaris
1172 2574 1330 2604 mortem
1371 2570 1538 2603 veterani
1574 2570 1610 2603 in

248 2634 351 2664 metu
378 2630 456 2663 ullo
481 2629 667 2674 praecipuo
694 2630 869 2672 fuerunt,
908 2643 974 2666 nec
1001 2631 1159 2666 Antonii
1194 2642 1278 2664 cum
1315 2631 1467 2664 Caesaris
1497 2630 1612 2664 inter-

248 2689 453 2724 sectoribus
486 2690 522 2723 in
558 2689 724 2735 gratiam
758 2692 947 2726 redeuntis
983 2692 1103 2726 oratio
1139 2693 1185 2726 ad
1224 2696 1421 2725 veteranos
1458 2691 1610 2724 Caesaris

253 2754 356 2784 metu
384 2751 598 2785 liberandos
632 2754 802 2795 spectare
837 2753 980 2797 potuit,
1017 2765 1108 2794 uec,
1140 2753 1170 2787 si
1206 2753 1283 2786 liaec
1319 2751 1497 2791 suissvnt,
1535 2758 1609 2784 tarn

251 2821 426 2854 pervorse
454 2811 585 2846 cicero
617 2815 815 2847 veteranos
839 2814 908 2849 toti
937 2814 1088 2849 civitate
1115 2814 1305 2859 praeferret
1335 2812 1485 2855 (quanto
1514 2817 1608 2845 melu

254 2872 438 2911 veterani,
465 2877 600 2916 quanta
626 2873 871 2909 sollicitudine
902 2875 1032 2920 οἰυίιᾳε
1058 2875 1162 2918 ctu).
