1981 3390
1429 219 1528 269 623

263 345 312 386 ln
340 344 489 385 eodem
525 344 664 398 capite
697 341 723 394 ξ
754 341 810 380 34
840 340 979 380 codex
1010 338 1275 389 vaticanus,
1311 348 1592 396 praeterquam

143 422 254 476 quod
290 436 366 476 pro
400 419 677 461 adscenderit
704 416 834 457 habet
860 416 1093 465 exciderit,
1127 430 1185 455 ex
1212 430 1294 470 quo
1317 426 1432 456 recte
1450 416 1595 457 Maius

143 495 524 544 secit‘eecenden·t‚
556 493 781 536 confirmat
813 495 1035 549 egregiam
1069 494 1358 533 coniecturum
1386 491 1595 533 Gulielmi

144 575 236 630 (qui
263 576 426 614 utinam
461 588 537 628 pro
572 572 758 613 Grutero
791 571 1044 612 Ciceronem
1077 569 1315 623 edidisset),
1347 568 1598 610 scribentis:

142 665 276 692 urnas·
320 651 529 691 deiecerit
579 649 675 706 (pro
719 649 977 703 delegerit);
1027 648 1227 702 idemque
1274 647 1468 688 eiusdem
1511 660 1596 687 non

144 729 287 768 minus
320 735 592 782 praestantem
632 727 976 767 emendationem
1022 739 1127 765 mox
1168 739 1204 766 c.
1238 727 1316 775 15,
1359 725 1414 764 35
1452 737 1597 764 veram

146 819 242 845 esse
274 804 485 854 ostendit,
526 809 719 843 oratores
749 818 826 858 pro
862 809 1106 853 curatores,
1147 817 1274 857 quam
1310 802 1599 842 necessariam

145 895 241 921 esse
277 895 404 921 nemo
442 882 603 930 sensit,
646 881 726 920 etsi
767 882 873 920 satis
917 880 1193 920 manifestum
1236 887 1329 928 est,
1377 864 1599 918 eka-atores

145 957 346 999 absolute
387 958 471 998 dici
512 971 596 997 non
629 970 774 1010 posse.
847 955 897 996 In
941 956 1135 996 eiusdem
1181 957 1334 1010 capitis
1377 955 1431 995 15
1474 955 1599 993 initio

146 1034 420 1076 scribendum
452 1042 515 1074 est
547 1047 601 1074 ex
630 1034 754 1083 Pan,
788 1031 944 1083 Bern.‚
974 1033 1066 1073 Erf.
1097 1033 1192 1073 volo
1225 1032 1395 1081 audire,
1425 1032 1601 1081 omisso,

147 1111 260 1166 quod
304 1111 618 1163 interponitur,
652 1115 795 1150 etiam.
861 1108 1081 1162 (Debebat
1111 1123 1207 1149 esse
1241 1113 1370 1149 etiam
1400 1107 1544 1160 illud.)

268 1187 406 1228 Paulo
447 1196 544 1242 post
585 1188 628 1240 (§
661 1189 734 1240 36)
778 1186 1013 1241 legendum
1047 1201 1166 1227 esse:
1211 1189 1289 1241 qm·
1326 1198 1542 1238 nunquam
1575 1198 1603 1224 a

149 1271 302 1305 senatu
332 1269 483 1305 summi
512 1265 687 1305 consilli
709 1264 1069 1318 gubernationem
1095 1262 1283 1312 auferre
1313 1266 1492 1302 conatus
1526 1266 1603 1310 esc,

149 1343 245 1382 dixi
292 1351 334 1382 et
371 1343 583 1382 rationem
631 1343 818 1393 exposui
859 1343 903 1381 in
946 1341 1105 1396 disput.
1144 1340 1196 1380 de
1238 1339 1428 1380 Asconio
1473 1352 1514 1390 p.
1549 1338 1606 1377 39

152 1428 241 1460 not.
304 1419 474 1460 Deinde
506 1419 686 1460 meliore
714 1419 864 1459 ordine
898 1432 957 1459 ex
985 1418 1097 1467 Par„
1131 1415 1276 1467 Bern.,
1308 1415 1399 1455 Erf.
1434 1413 1606 1468 (Lamb.

151 1498 194 1536 in
232 1511 366 1551 marg.
399 1496 554 1551 repet.)
596 1495 870 1537 scribendum
906 1503 994 1537 est:
1043 1494 1199 1548 Neque
1238 1498 1405 1533 {alatum
1435 1495 1529 1544 ipse
1563 1504 1607 1530 es·

149 1572 377 1626 improbus.
435 1558 584 1626 (Ipse,
616 1574 686 1613 cui
715 1574 977 1613 contrarium
1009 1580 1075 1613 est
1104 1572 1229 1621 alios,
1261 1567 1476 1611 vocabulo
1508 1573 1605 1608 tau-

153 1656 240 1690 tum
267 1649 423 1690 subiici
450 1650 613 1701 debet.)

275 1725 325 1766 C.
366 1727 445 1776 15,
489 1729 545 1766 37
589 1725 802 1766 notandus
853 1735 919 1766 est
966 1739 1086 1766 error
1135 1723 1320 1773 Orellii‚
1377 1724 1450 1777 qui
1495 1722 1610 1762 hunc

158 1802 302 1844 locum
332 1802 414 1844 hoc
445 1803 571 1843 modo
603 1804 809 1857 scriptum
847 1803 1001 1842 edidit:
1039 1801 1185 1854 Aeque
1217 1800 1330 1840 illud
1370 1803 1499 1839 eliam
1535 1812 1612 1838 au-

158 1880 255 1920 dire
294 1894 321 1920 α
365 1886 409 1920 te
454 1880 597 1935 (Pan,
638 1879 753 1929 Erf.,
798 1878 927 1919 Bern.
959 1878 1115 1918 audire
1144 1882 1210 1926 te,
1249 1875 1337 1930 leg.
1368 1875 1523 1915 aude're
1552 1886 1611 1914 ea:

157 1958 223 2011 te)
258 1961 396 2012 cupio,
432 1971 580 2011 quare,
621 1970 745 2011 quum
786 1970 864 2010 ego
901 1957 1035 2009 legem
1070 1955 1123 1994 de
1155 1952 1315 1994 ambitu
1347 1953 1519 1992 tulerim
1552 1962 1611 1991 ex

159 2035 555 2084 senatusconsulto,
589 2035 760 2074 tulerim
791 2037 886 2073 sine
919 2036 986 2082 υἱ,
1024 2032 1195 2071 tulerim
1225 2030 1359 2069 salvis
1390 2031 1612 2081 auspiciis,

160 2112 286 2152 salva
315 2112 411 2165 lege
439 2111 571 2152 AEle'a
604 2116 648 2150 et
678 2109 840 2159 Fufia,
865 2115 911 2149 tu
943 2123 1033 2149 eam
1064 2122 1155 2148 esse
1191 2108 1327 2161 legem
1363 2118 1447 2145 uon
1477 2109 1615 2157 putes·

158 2189 214 2230 Et
248 2190 390 2238 addit,
421 2190 483 2228 sic
512 2189 717 2239 scriptum
751 2200 846 2226 esse
877 2187 921 2225 in
953 2185 1045 2225 cod.
1078 2183 1233 2235 Bern.,
1266 2183 1360 2223 edd.
1394 2180 1543 2236 steph.
1573 2188 1617 2220 et

161 2264 316 2305 Lamb.
381 2265 466 2306 Sed
512 2263 608 2304 falli
649 2265 788 2303 virum
832 2262 1119 2302 clarissimum
1153 2262 1205 2301 de
1234 2260 1447 2301 Bernensi
1484 2265 1614 2312 puto,-

164 2343 217 2383 de
250 2341 464 2382 Lambino
499 2349 616 2382 certe
649 2348 691 2380 et
730 2339 976 2394 Stephano,
1019 2353 1199 2393 quorum
1231 2338 1444 2378 editiones
1475 2333 1615 2373 habeo

164 2419 217 2460 ad
249 2433 448 2468 manum,
482 2417 671 2467 fallitur,
703 2418 800 2471 qui,
831 2413 1174 2456 adsentientibus
1206 2415 1335 2454 etiam
1369 2411 1490 2452 codd.
1520 2410 1618 2450 Par.

165 2504 208 2536 et
236 2496 351 2545 Erf.,
393 2503 544 2550 quater
585 2494 781 2543 tulerim,
825 2507 934 2543 non,
975 2499 1023 2531 ut
1069 2489 1292 2539 Orellius,
1335 2494 1405 2538 et‘,
1455 2494 1618 2527 mutato

167 2580 333 2612 tantum
366 2571 488 2619 loco,
525 2570 714 2624 vulgatae
745 2570 868 2619 edd.,
899 2577 964 2609 ter
994 2575 1183 2622 ponunt,
1216 2573 1356 2613 recte,
1388 2577 1440 2603 ne
1473 2570 1618 2602 extre·

167 2662 282 2689 numi
317 2645 556 2687 membrum
601 2647 749 2697 (salva
793 2647 888 2699 lege
919 2646 1051 2687 AE'lt'a
1084 2649 1126 2683 et
1156 2639 1321 2690 Fufia,
1365 2639 1476 2694 quod
1515 2652 1618 2678 saue

170 2725 288 2766 aliud
321 2732 413 2773 est,
443 2737 570 2777 quam
602 2723 734 2763 salvis
764 2722 995 2775 auspiciis)
1029 2734 1108 2761 suo
1141 2716 1274 2758 verbo
1308 2724 1475 2757 careat:
1509 2715 1619 2754 tule-

171 2806 251 2843 re'm
293 2815 350 2842 es:
391 2799 435 2841 S.
474 2799 543 2849 C.‚
577 2800 748 2840 tulerim
788 2802 882 2839 sine
912 2802 977 2847 vi,
1019 2797 1189 2838 tulerim
1229 2794 1363 2835 salves·
1399 2793 1622 2844 auspiciis,
