1981 3390
1449 267 1543 316 401

170 398 369 443 tanquam
403 387 568 442 aliquid
602 393 725 426 extra
757 382 1014 432 adnectens,
1045 395 1221 437 prorsus
1252 383 1400 424 sedate
1435 391 1616 426 ceterum

170 466 297 515 dicit;
344 474 386 506 et
429 474 570 504 tamen
616 461 696 502 hac
727 461 944 500 sententia
976 461 1118 514 ipsum
1149 460 1214 500 rei
1244 467 1398 514 eaput,
1441 461 1618 502 sceleris

170 543 356 590 notatio,
393 539 650 581 continetur.
718 535 869 591 Itaque
912 537 974 576 sic
1007 535 1220 595 loquitur:
1271 535 1530 583 ”Quomodo
1572 546 1618 577 tu

168 617 250 657 hoc
291 615 420 670 (quod
463 628 538 669 per
579 627 626 654 se
668 613 833 656 nullam
875 612 1005 653 hahet
1037 612 1438 666 reprehensionem)
1474 614 1618 654 facere

166 705 271 732 ausa
304 691 379 731 es?
427 690 658 740 Ceterum,
693 705 823 744 quum
858 691 990 730 scires
1022 689 1164 730 scelus
1195 704 1316 739 esse,
1358 689 1500 730 facere
1531 704 1616 731 non

164 767 396 808 debuisti.'’
448 767 621 822 Optime
655 769 788 822 igitur
821 765 1027 806 subvenit
1060 766 1198 806 codex
1233 768 1614 820 praestantissimus

166 846 313 886 Sancti
339 844 557 893 Victoris,
591 845 663 898 qui
697 845 861 883 utinam
892 845 1048 895 saepius
1075 852 1508 896 commemoraretur-3
1540 846 1616 886 scd

167 922 259 961 eius
302 922 556 973 scripturam
602 926 864 969 ceterorum,
904 920 948 958 in
979 919 1218 959 Parisiensi
1252 921 1430 974 eiusque
1462 935 1617 975 propa-

165 998 266 1051 gine
321 996 543 1038 levissime
594 1004 864 1048 corruptam,
920 1008 994 1034 cur
1039 993 1284 1036 Gulielmus
1328 999 1532 1052 probarit
1573 1011 1617 1042 et

166 1072 378 1126 quomodo
408 1071 623 1127 probarit,
669 1071 780 1126 quod
812 1079 986 1125 propter
1015 1072 1256 1112 socordiam
1283 1072 1458 1117 Gruteri
1491 1079 1617 1119 intel-

165 1148 244 1203 ligi
273 1147 503 1202 nequibat,
547 1162 659 1189 nunc
692 1149 864 1188 demum
898 1155 1101 1203 apparet,
1142 1151 1342 1191 restituto
1379 1167 1480 1194 vero
1521 1170 1616 1196 ver-

165 1223 317 1266 borum
351 1224 516 1274 ordine,
548 1226 622 1279 qui
654 1226 699 1265 in
729 1224 808 1264 illo
841 1239 1009 1279 quoque
1043 1225 1189 1265 codiee
1221 1226 1317 1266 fuit.
1380 1227 1616 1284 Apertissi-

166 1313 279 1340 mum
324 1309 390 1339 est
430 1303 570 1351 enim,
609 1300 883 1341 scribendum
926 1314 1045 1341 esse:
1097 1307 1200 1342 {mle
1250 1303 1453 1345 Venerem
1494 1309 1615 1349 illum

164 1381 279 1416 lnam
310 1377 498 1429 spoliare
537 1381 823 1426 ornmnentls,
865 1378 1157 1430 spoliatricem.
1193 1385 1452 1432 ceterorum,
1486 1398 1612 1438 quum

163 1456 368 1492 scires—
387 1456 719 1507 semptternmn!
753 1452 932 1494 Ceteros
966 1453 1118 1494 Venus
1145 1454 1356 1498 Clodiana
1383 1459 1614 1513 spoliabat,

163 1526 301 1568 Caelii
335 1542 464 1569 causa
495 1529 681 1584 spoliata
709 1529 946 1571 dicebatur.
1005 1531 1209 1586 Sequitur
1228 1534 1497 1578 confirmatio
1518 1552 1613 1580 cum

160 1603 316 1645 acerba
346 1606 508 1646 ironia:
541 1604 660 1645 Hm‘c
686 1614 766 1646 etc,
788 1607 840 1657 ¹).

190 1771 226 1812 ¹)
254 1770 419 1804 oremus
447 1771 681 1805 Gulielmum
718 1776 914 1807 ceterorum
943 1775 1128 1820 accepisse
1165 1778 1323 1822 putabat
1357 1791 1424 1824 pro
1459 1783 1615 1814 ceterum

250 1831 310 1863 vel
346 1830 465 1874 potius
501 1843 568 1875 pro
612 1843 677 1872 00,
717 1834 813 1876 quod
852 1838 967 1876 esset,
1009 1840 1210 1882 ceterarum
1247 1850 1377 1872 rerum.
1442 1840 1537 1883 Sed,
1573 1847 1615 1876 ut

251 1890 323 1924 hoc
362 1890 398 1924 in
445 1895 659 1924 transcursu
697 1892 852 1926 addam,
901 1893 972 1927 hoc
1007 1895 1128 1939 ipsum
1173 1909 1291 1942 genus
1326 1899 1503 1943 loquendi
1544 1911 1612 1945 pro

253 1950 430 1984 adverbio
470 1951 670 1992 (ceterum,
711 1954 931 1995 ceteroquin)
965 1958 1085 1988 totum
1119 1957 1319 1991 confictum
1357 1962 1410 1992 est
1444 1970 1486 1993 ex
1519 1960 1611 1994 locis

255 2010 398 2054 aliquot
433 2011 532 2044 mule
561 2011 786 2052 intellectis,
826 2012 1016 2047 immerito
1052 2017 1335 2051 ex'Hotomnni
1375 2023 1411 2052 ct
1445 2018 1611 2065 Seioppii

251 2070 510 2104 observatione
538 2071 817 2104 rescuscitatum
847 2083 878 2105 a.
903 2074 942 2106 C.
970 2074 1106 2109 Beiero
1133 2076 1393 2120 intempestive
1420 2080 1613 2114 recondita

250 2134 438 2170 sectante,
479 2130 514 2163 in
553 2134 639 2164 nota
675 2132 720 2164 ad
760 2132 834 2164 Cic.
862 2133 968 2166 Brut.
997 2136 1069 2174 (ed.
1100 2136 1215 2170 Orell.
1247 2138 1357 2180 min.)
1391 2138 1433 2177 6,
1464 2139 1520 2173 23.
1569 2141 1610 2174 In

248 2189 358 2223 Bruti
394 2190 475 2223 loco
512 2190 752 2224 vanissimam
789 2188 1064 2235 coniecturam,
1102 2196 1237 2239 quaid
1272 2209 1389 2241 genus
1422 2197 1610 2234 inscreba-

245 2255 331 2291 tur,
358 2249 523 2284 Orellius
556 2255 656 2283 recte
685 2251 836 2292 reiecit,
871 2264 912 2286 ex
943 2254 1149 2288 abundanti
1176 2257 1399 2291 confirmans
1427 2260 1609 2304 exemplo,

247 2310 362 2343 licere
388 2310 512 2343 dicere
538 2315 739 2344 ceterarum
776 2324 895 2345 rerum
923 2325 1046 2347 causa.
1110 2315 1202 2349 Ortn
1239 2322 1294 2351 est
1328 2318 1541 2354 observatio
1568 2332 1611 2355 ex

247 2381 304 2410 co,
329 2370 424 2413 quod
439 2370 568 2404 Cicero
595 2381 666 2404 uno
690 2373 773 2405 loco
802 2375 888 2416 (pro
902 2375 1030 2417 Quint.
1059 2374 1093 2415 3,
1119 2375 1180 2416 11)
1211 2378 1324 2420 paulo
1352 2379 1482 2413 durius
1502 2381 1610 2425 geni-

244 2428 362 2462 tivum
392 2429 497 2463 initio
528 2432 717 2465 sentcntiae
741 2433 876 2476 posuit,
908 2434 1113 2478 cogitatam
1140 2447 1217 2469 rem
1245 2437 1416 2472 universe
1445 2442 1610 2485 comple-

245 2493 369 2530 ctens,
404 2490 537 2523 deinde
568 2496 693 2524 autem
720 2493 901 2534 subiecit,
930 2505 1008 2538 quae
1034 2496 1237 2529 remotiore
1263 2502 1406 2532 tantum
1434 2502 1610 2545 analogia

242 2548 410 2593 genitivo
436 2549 541 2595 iungi
569 2557 739 2595 possent,
766 2554 874 2597 (sane
900 2559 1100 2589 ceterarum
1126 2569 1246 2591 rernm
1273 2560 1547 2601 paterfamilias
1575 2566 1609 2593 ct

241 2608 405 2650 prudens
430 2615 464 2642 et
489 2615 662 2653 attentus,
689 2624 761 2646 nna
789 2614 823 2646 ῖη
848 2626 887 2648 re
907 2616 1036 2658 paullo
1065 2617 1183 2650 miuus
1202 2618 1452 2650 consideratus
1463 2620 1494 2660 ς)
1523 2630 1608 2652 nam

241 2668 405 2710 prudens
429 2670 484 2702 rei
506 2670 645 2705 dictum
673 2678 728 2707 est
755 2684 776 2707 a
802 2675 942 2715 multis,
969 2687 1081 2711 sensu
1106 2682 1230 2711 tamen
1261 2678 1430 2720 paullum
1448 2678 1608 2720 diverso,

244 2737 312 2760 nec
346 2738 442 2761 curoe
476 2729 578 2764 notio
609 2730 647 2764 in
685 2734 807 2767 altero
843 2735 1027 2770 adiectivo
1056 2748 1076 2770 a
1102 2737 1268 2782 genitivo
1293 2736 1482 2770 abhorret.
1532 2739 1608 2771 Te-

240 2786 381 2821 rentius
412 2788 592 2832 (Adelph.
620 2791 684 2832 lv,
720 2793 764 2834 5,
793 2793 853 2833 61)
884 2796 1007 2830 neseio
1043 2809 1109 2831 cur
1146 2809 1218 2831 non
1256 2801 1457 2829 ceterarum
1489 2808 1609 2830 rerum

244 2848 425 2882 socordem
457 2849 589 2884 eodem
620 2853 730 2888 modo
763 2853 899 2896 dixisse
932 2859 1107 2900 putetur,
1145 2869 1216 2902 quo
1244 2856 1398 2891 Tacitus
1427 2858 1607 2891 socordem

1274 2927 1321 2959 26
