1981 3390
1464 263 1563 310 279

175 398 304 426 sensu
336 386 477 426 minus
506 382 717 438 quoddam
745 380 918 422 Latium
950 388 1037 421 tum
1060 381 1302 420 institutum
1335 380 1462 432 plane
1494 396 1624 437 nega-

174 476 270 504 mus
299 471 341 503 et
373 475 433 502 ex
463 474 530 511 eo,
560 459 674 515 quod
705 459 749 500 hi
772 458 919 499 Latini
952 457 1213 499 connubium
1250 472 1332 498 non
1365 457 1624 509 habuerunt,

174 554 229 581 ne
260 539 360 580 illos
390 537 560 593 quidem
576 567 599 588 ‚,
635 538 708 592 qui
742 550 827 577 uno
860 550 972 577 anno
1007 544 1107 577 ante
1140 535 1498 591 'Pi-unspadanam
1536 536 1621 577 La-

172 618 386 658 tinitatem
427 614 575 655 Latini
617 628 713 655 esse
767 615 1012 665 desierunt,
1066 613 1271 654 habuisse
1310 614 1622 655 concludimus.

172 693 374 735 Ceterum
405 691 533 734 facile
566 701 700 748 patet,
730 694 772 733 in
806 694 890 734 ista
916 691 1228 745 Transpadana
1250 692 1487 732 Latinitate
1522 706 1622 732 con-

170 771 387 812 stituenda
417 784 557 825 neque
588 773 834 811 necessario
866 779 1081 811 retentum
1110 770 1270 820 fuisse,
1309 771 1345 810 si
1374 769 1483 824 quod
1518 783 1623 824 prac-

173 851 305 890 mium
338 847 550 902 singulari
581 847 727 903 aliqua
757 847 856 902 lege
886 848 1117 902 aliquando
1152 856 1251 887 ante
1285 847 1504 888 veteribus
1536 846 1620 887 La-

171 928 276 967 tinis
307 926 454 966 datum
482 933 622 976 esset,
665 925 786 965 velut
820 924 1012 966 Servilia
1043 924 1119 964 illa
1154 924 1287 978 (quod
1320 924 1504 963 fortasse
1535 926 1621 963 iam

171 1012 286 1053 ante,
320 1001 528 1056 abrogata
559 1008 649 1042 tota
679 1000 777 1056 lege
803 1000 995 1042 Servilia
1029 1009 1071 1041 et
1092 1000 1191 1042 aliis
1211 1001 1263 1042 de
1285 1000 1623 1056 repetundarum

170 1081 349 1121 erimine
381 1078 508 1130 latis,
539 1077 756 1120 sublatum
786 1080 927 1129 erat),
964 1087 1007 1119 et
1039 1091 1213 1128 rursus,
1243 1079 1281 1118 si
1310 1078 1476 1133 aliquot
1504 1077 1622 1118 colo-

168 1159 337 1198 niarum
369 1156 625 1197 Latinarum
655 1156 850 1198 condicio
882 1165 1056 1212 propter
1085 1154 1308 1211 singulare
1338 1155 1515 1210 aliquod
1549 1154 1623 1195 be-

169 1233 370 1276 neficium
413 1236 687 1291 praestantior
739 1242 880 1284 esset,
932 1248 1060 1289 quam
1102 1233 1396 1289 reliquarum,
1438 1247 1534 1274 eam
1568 1232 1622 1273 ad

170 1311 508 1367 Transpadanas
549 1311 774 1352 transferri
814 1313 1021 1367 potuisse.
1098 1309 1146 1352 ld
1183 1313 1227 1351 iu
1271 1312 1528 1352 commercio
1559 1310 1622 1350 fa-

169 1398 285 1433 ctum
320 1402 416 1429 esse
457 1389 655 1439 videtur,
698 1390 750 1430 dc
795 1403 878 1444 quo
924 1404 1082 1445 magna
1116 1397 1181 1430 est
1225 1388 1466 1439 dubitatio,
1509 1386 1623 1442 quod

171 1467 224 1509 ad
254 1474 427 1508 veteres
453 1466 637 1521 populos
665 1466 846 1507 Latinos
877 1475 976 1507 ante
1007 1466 1171 1507 bellum
1203 1466 1365 1507 sociale
1395 1468 1548 1506 attinet
1570 1465 1623 1517 1).

168 1543 268 1586 Non
288 1542 429 1584 solum
454 1542 532 1583 hos
563 1544 640 1584 sed
663 1546 838 1584 omuino
861 1546 1003 1584 socios
1029 1543 1164 1585 Italos
1195 1545 1500 1585 commercium
1527 1545 1619 1582 iure

167 1620 404 1670 Quiritium
419 1619 638 1671 habuisse,
651 1620 848 1661 concludi
864 1621 1010 1662 forsan
1026 1636 1153 1676 posse
1168 1622 1365 1662 videatur
1379 1635 1437 1661 ex
1453 1618 1621 1660 duobus

165 1698 285 1741 Livii
300 1697 422 1748 locis,
446 1697 521 1739 ubi
545 1713 596 1739 eo
620 1698 747 1739 modo
763 1700 1037 1753 negotiorum
1060 1714 1156 1741 cum
1180 1699 1348 1741 civibus
1365 1697 1620 1740 contrahen-

166 1776 318 1816 dorum
339 1777 572 1831 participes
602 1775 738 1816 fuisse
772 1785 1025 1828 narrantur,
1061 1792 1144 1832 quo
1162 1808 1174 1828 ,
1202 1779 1286 1817 nisi
1316 1777 1621 1818 commercium

167 1852 394 1904 haberent,
425 1866 511 1894 non
534 1853 762 1894 videantur
786 1855 995 1909 potuisse.
1055 1852 1249 1894 Prinium
1274 1856 1389 1894 enim
1413 1851 1620 1902 XXXV,

163 1932 194 1971 '7
207 1932 271 1972 sic
285 1930 457 1972 scribit:
487 1943 612 1985 qzmm
635 1930 1050 1980 multe'sfenebre‘bus
1070 1931 1237 1985 legebus·
1255 1936 1492 1971 constricta
1514 1943 1618 1970 ava-

168 2010 276 2047 ritia
289 2012 413 2057 esset,
438 2011 511 2048 via
526 2006 714 2055 fraudis
731 2012 843 2048 z‘m'la
860 2014 967 2058 erat,
1001 2012 1270 2058 ulz‘nsoce‘os,
1301 2013 1378 2063 qui
1396 2021 1480 2048 uon
1503 2013 1620 2047 lene-

165 2089 316 2124 rentur
335 2087 391 2124 iis
405 2083 597 2137 legibus,
622 2088 796 2124 uomit-'a
814 2085 1200 2133 !1·ansscre‘beretel;
1229 2090 1292 2126 ila
1307 2083 1617 2134 le'berofenore
1658 2086 1660 2089 ’

166 2160 404 2204 obruebant
435 2160 662 2201 debitor-es.
728 2161 1151 2217 Transscriptionem
1173 2164 1392 2202 nominum
1420 2163 1487 2202 vir
1510 2163 1617 2202 iuris

165 2237 512 2278 consultissimus
534 2240 575 2290 ²)
615 2247 688 2279 aut
729 2248 994 2281 contractum
1041 2239 1254 2280 literalem
1296 2242 1520 2294 antiquum
1553 2241 1618 2279 in-

163 2313 304 2369 telligi
337 2323 473 2370 putat,
509 2317 581 2371 qui
622 2318 760 2358 stricti
791 2318 898 2358 iuris
930 2316 1074 2357 civilis
1107 2318 1308 2371 proprius
1347 2317 1494 2367 fuerit,
1527 2324 1618 2368 aut,

188 2440 227 2484 ¹)
252 2440 526 2476 Communium
550 2441 704 2477 Latinas
730 2443 895 2477 colonias
919 2442 1096 2478 habuisse
1129 2446 1238 2488 putat
1270 2447 1353 2488 post
1378 2443 1556 2479 ottonem
1583 2447 1620 2479 et

255 2501 350 2536 alios
374 2502 677 2548 Hopfensackius
703 2504 957 2547 (Staam-eeht
982 2505 1015 2539 d.
1039 2504 1180 2538 Riimer
1207 2517 1241 2549 p.
1261 2503 1364 2547 150),
1390 2505 1496 2538 nullo
1512 2504 1618 2538 exiis

255 2563 487 2608 argumentis
512 2574 613 2605 usus,
639 2564 773 2608 quibus
798 2565 967 2610 aliquam
995 2564 1028 2599 ci
1053 2564 1243 2599 sententia>
1268 2564 1524 2598 defensionem
1549 2575 1616 2610 pa-

253 2622 333 2657 rari
360 2633 467 2667 posse
492 2625 698 2660 ostendam.

185 2682 227 2726 ²)
253 2682 429 2727 [Collega
455 2683 725 2728 amicissimus,
765 2687 807 2722 1².
836 2686 881 2722 G.
910 2687 1045 2733 Bang,
1077 2687 1141 2733 qui
1171 2698 1254 2729 me,
1289 2686 1326 2720 in
1361 2685 1454 2720 iuris
1480 2684 1617 2730 privati

254 2743 467 2787 cognitione
494 2754 626 2788 parum
651 2750 864 2789 versatum,
900 2752 985 2793 post
1014 2748 1177 2792 primam
1205 2747 1316 2782 huius
1345 2745 1617 2780 dissertationis

253 2803 455 2838 aditionem
491 2803 536 2837 de
575 2804 634 2840 his
669 2807 761 2841 locis
790 2808 985 2843 admonuit
1018 2812 1055 2842 ct
1086 2808 1165 2853 ipsc
1203 2809 1249 2842 de
1282 2808 1354 2840 hac
1389 2817 1428 2840 rc
1454 2805 1547 2840 dixit
1576 2806 1614 2840 in

252 2864 534 2900 Institutionum
550 2864 642 2902 iuris
661 2867 824 2903 Romani
840 2863 979 2904 Daniec
995 2869 1220 2915 scriptarum
1237 2869 1319 2903 Vol.
1347 2867 1360 2901 1
1389 2879 1422 2911 ι).
1449 2865 1497 2901 72
1519 2867 1614 2912 S‘l‘l·]
