1981 3390
1499 266 1598 317 24³

330 395 557 437 Postremo
599 387 828 431 dicendum
867 394 961 438 est,
1004 385 1164 428 civium
1195 386 1289 427 sine
1318 386 1530 443 suffragio
1562 401 1664 430 con-

221 472 467 521 dicionem,
508 475 665 523 praeter
708 465 849 521 magis
877 465 1076 506 minusve
1110 462 1293 505 liberam
1327 463 1666 507 administratio-

220 561 316 591 nem
350 545 660 603 oppidanarum
694 557 861 594 rerum,
892 541 1076 583 fortasse
1107 542 1151 582 in
1184 556 1236 582 eo
1262 555 1432 597 quoque
1455 541 1664 593 variasse,

221 625 332 682 quod
363 637 446 665 non
465 636 636 675 semper
664 622 733 672 iis,
759 621 831 675 qui
861 634 983 661 suam
1011 621 1230 660 civitatem
1261 618 1524 669 amisissent,
1554 618 1664 660 inte-

219 715 298 758 gra
343 699 497 742 saltem
540 699 711 755 privata
752 699 911 739 civium
961 698 1254 739 Romanorum
1300 698 1396 737 iura
1435 694 1665 745 darentur;

218 793 319 820 nam
362 777 415 818 de
454 776 671 818 connubio
714 775 904 817 dubitari
940 782 1110 830 potest3
1153 774 1434 830 patriciorum
1477 773 1665 830 quidem,

219 855 423 912 quamdiu
449 868 500 896 eo
527 852 653 910 plebs
686 861 866 904 careret,
899 852 1045 894 datum
1076 865 1161 893 non
1196 865 1307 903 esse,
1334 852 1441 892 satis
1469 860 1589 906 patet
1608 849 1665 906 1).

217 933 311 975 Nec
339 930 598 988 prohibebat
631 931 700 971 hic
725 939 890 980 status,
924 942 1008 985 quo
1042 929 1183 969 minus
1225 925 1479 983 singulatim
1514 941 1665 982 poenae

219 1024 348 1052 causa
381 1009 534 1065 gravia
565 1006 834 1048 incommoda
868 1021 894 1047 a
922 1006 1130 1047 Romanis
1162 1004 1500 1060 imponerentur.

338 1085 435 1127 Hoc
479 1085 613 1140 igitur
659 1083 848 1125 civitatis
888 1095 1027 1139 genus
1070 1089 1330 1136 acceperunt
1369 1080 1666 1122 vetustissimo

217 1171 411 1220 tempore
460 1161 520 1214 ii,
576 1160 732 1217 quibus
785 1161 830 1202 in
883 1174 962 1201 sua
1008 1158 1111 1200 sede
1159 1157 1435 1200 manentibus
1475 1158 1667 1213 praesidii

218 1255 349 1282 eausa
388 1238 570 1281 coloniae
612 1238 826 1294 impositae
858 1246 971 1278 sunt.
1043 1236 1189 1291 Atque
1216 1235 1283 1276 his
1316 1248 1485 1291 quoque
1514 1234 1668 1287 praefe-

218 1326 310 1359 ctos
337 1316 555 1358 Romanos
589 1316 641 1356 ad
670 1315 765 1356 iura
797 1315 1015 1356 reddenda
1043 1314 1198 1354 missos
1233 1325 1351 1362 esse,
1379 1320 1666 1366 praeterquam

219 1394 332 1450 quod
358 1408 434 1447 pei·
459 1407 506 1434 se
530 1390 754 1449 probabile
775 1400 864 1443 est,
906 1405 957 1432 eo
981 1399 1175 1446 spectare
1197 1388 1367 1429 videtur
1391 1388 1532 1438 fama,
1572 1401 1666 1443 qnae

218 1471 270 1512 de
316 1470 503 1512 Collatia
553 1470 733 1512 subacta
774 1469 1046 1523 Egerioque,
1100 1480 1228 1523 quem
1269 1465 1507 1519 Dionysius
1556 1463 1666 1506 Tar·

310 1612 394 1649 rat,
417 1618 486 1651 per
511 1610 675 1641 senatum
701 1604 770 1650 agi
797 1604 841 1639 dc
868 1603 1086 1650 Campanis,
1124 1602 1187 1648 qui
1214 1601 1309 1637 cives
1338 1603 1479 1641 essent,
1505 1612 1574 1634 non
1595 1612 1664 1645 po·

310 1668 448 1707 tuis-ew
483 1668 580 1710 ideo,
617 1667 931 1712 quemadmodum
969 1666 1060 1700 olim
1096 1665 1140 1697 de
1167 1662 1370 1697 Satricanis
1404 1662 1545 1695 factum
1572 1666 1667 1696 esset

306 1729 400 1773 (vid,
427 1742 463 1774 p.
491 1728 561 1762 227
583 1733 658 1763 not.
687 1728 820 1770 esna),
844 1727 890 1760 ad
910 1725 1092 1772 populum
1118 1726 1259 1765 latum,
1286 1727 1326 1756 ut
1350 1722 1388 1756 id
1413 1721 1495 1756 fieri
1521 1721 1664 1756 liceret.

310 1789 353 1824 Id
379 1788 637 1833 accipiendum
660 1788 832 1830 videtur,
858 1792 900 1821 ut
923 1787 1066 1832 accepit
1095 1785 1344 1820 Wachsmuth
1371 1783 1498 1826 (Ram.
1528 1782 1665 1817 Gesch.

308 1862 344 1895 p.
373 1849 441 1884 458
466 1853 584 1892 not),
620 1849 665 1882 de
689 1848 755 1890 iis,
783 1848 847 1893 qui
871 1847 1094 1892 suffragium
1118 1844 1332 1885 habebant,
1359 1848 1401 1877 ut
1427 1850 1582 1888 propter
1603 1853 1665 1876 eos

307 1911 353 1944 de
378 1910 555 1944 universa
579 1921 620 1943 re
647 1908 692 1943 ad
720 1909 901 1956 populum
928 1907 1049 1943 latum
1077 1906 1146 1947 sit,
1174 1905 1241 1939 etsi
1267 1904 1415 1938 Livium
1436 1904 1513 1936 liaec
1539 1902 1664 1935 animo

309 1970 520 2004 distinxisse
546 1969 744 2014 verbisque
769 1967 1000 2013 distinguere
1037 1966 1199 2000 voluisse
1234 1976 1305 1998 non
1341 1968 1454 2008 pu103
1495 1967 1594 1994 cei-te
1619 1961 1665 1994 de

313 2040 356 2063 eo
383 2027 522 2074 genere
542 2028 704 2062 civitatis
729 2028 1015 2072 intelligendum
1037 2025 1208 2065 videtur,
1235 2025 1331 2067 quod
1361 2024 1551 2055 decretum
1576 2032 1664 2055 nar-

307 2094 388 2130 rat,
415 2094 456 2123 ut
481 2088 663 2132 Campani
690 2087 842 2131 aliique,
869 2087 932 2131 qui
960 2087 997 2120 in
1023 2086 1154 2118 cadem
1180 2093 1292 2116 causa
1321 2086 1448 2123 erant,
1475 2081 1582 2114 libert
1606 2093 1661 2115 ee·-

309 2153 387 2182 scnt
421 2149 497 2190 ita,
535 2153 577 2181 ut
611 2159 710 2181 nemo
749 2157 869 2181 eorum
906 2146 994 2179 civis
1031 2145 1216 2178 Romanus
1252 2147 1317 2177 aut
1357 2142 1480 2176 Latini
1511 2142 1664 2175 nominis

312 2211 416 2243 essct.

243 2271 280 2315 ¹)
308 2267 515 2313 Campani,
553 2278 626 2302 non
651 2271 796 2302 veteres
821 2265 901 2308 illi,
939 2264 1002 2311 qui
1037 2265 1191 2311 dispersi
1219 2267 1349 2305 crant,
1385 2261 1446 2297 sed
1474 2259 1665 2296 incondita

308 2329 378 2363 ina
413 2327 544 2369 turba,
587 2339 664 2372 quae
700 2327 787 2361 urbi
823 2328 1102 2372 frequentandae
1136 2329 1284 2359 retenta
1318 2327 1373 2356 est
1404 2321 1503 2365 (Liv.
1531 2320 1665 2362 xxvi,

307 2389 396 2432 16),
423 2387 557 2432 cuique
583 2387 731 2421 nullum
759 2392 902 2422 certum
931 2387 988 2421 ius
1016 2388 1143 2421 datum
1175 2390 1277 2427 crat,
1302 2383 1375 2418 nisi
1404 2382 1524 2427 quod,
1550 2392 1665 2426 quum

307 2448 477 2495 ipsorum
498 2448 639 2481 nullum
672 2458 803 2492 corpus
828 2447 988 2481 civitatis
1011 2452 1127 2487 esset,
1161 2446 1259 2480 cives
1285 2442 1448 2479 Romani
1482 2441 1561 2476 sine
1585 2442 1665 2475 sus-

310 2508 436 2554 fragia
465 2513 595 2551 erant,
631 2520 747 2553 quare
783 2518 816 2542 a.
851 2508 920 2542 189
954 2508 1082 2542 Romae
1119 2505 1259 2540 censeri
1286 2503 1377 2538 iussi
1399 2507 1486 2538 sunt
1510 2503 1601 2544 (non
1626 2502 1664 2536 in

310 2570 515 2612 tribubus),
545 2579 579 2604 a.
606 2569 674 2604 188
701 2569 901 2615 petierunt,
928 2574 1106 2613 tanquam
1128 2578 1168 2601 re
1194 2565 1322 2607 dubia,
1351 2568 1391 2598 ut
1403 2562 1576 2597 sibicives
1589 2560 1663 2594 Ro-

309 2640 439 2664 manas
467 2630 598 2664 ducere
623 2641 753 2664 uxorea
779 2630 926 2670 liceret,
955 2634 1004 2670 et,
1031 2629 1065 2663 εἰ
1088 2629 1150 2674 qui
1172 2626 1277 2672 prius
1306 2623 1507 2660 duxissent,
1534 2626 1574 2654 ut
1597 2620 1664 2653 Ῐια-

313 2690 395 2726 bere
431 2701 515 2731 ωας
556 2693 592 2725 e!
624 2695 709 2724 ante
747 2702 825 2724 eum
860 2691 952 2724 diem
975 2691 1057 2725 nati
1084 2688 1141 2723 uti
1164 2688 1253 2722 iusti
1276 2685 1345 2719 sibi
1369 2682 1474 2717 liberi
1497 2681 1665 2714 heredes-

310 2762 380 2796 que
405 2754 546 2790 essent,
572 2756 610 2786 et
635 2753 884 2796 impetrarunt
903 2751 1003 2794 (Liv.
1020 2750 1234 2790 xxxvm,
1259 2747 1336 2790 36).
1387 2743 1462 2777 Cic.
1480 2752 1547 2787 pro
1570 2740 1665 2774 Sest-

311 2815 356 2852 4,
391 2811 415 2844 9
449 2811 556 2844 illam
591 2812 873 2856 praefecturam,
908 2823 1022 2856 quum
1051 2810 1196 2845 nuliam
1229 2807 1386 2842 haberet
1419 2800 1474 2835 rei
1507 2799 1666 2845 publicae

311 2870 495 2914 speciem,
521 2875 731 2905 conventum
755 2872 973 2916 appellavit.
1024 2873 1102 2906 Cfr.
1128 2870 1173 2903 de
1197 2869 1272 2913 leg.
1299 2873 1424 2909 agrssr·
1453 2861 1504 2903 11,
1525 2859 1584 2902 32,
1607 2860 1663 2895 88·

1332 2934 1402 2969 16·
