1981 3390
451 227 544 276 182

377 359 435 386 ex
479 353 587 386 orat.
623 359 700 399 pro
744 345 830 401 leg.
862 343 981 385 Man.
1016 343 1095 393 15,
1136 344 1193 384 43
1223 340 1450 397 expulsum
1479 339 1520 381 id
1555 339 1756 381 mendum
1791 354 1818 382 a

376 437 446 464 me
479 431 545 463 est
583 423 838 463 auctoritate
867 420 1144 474 Palimpsesti
1173 419 1308 460 Taur.
1341 427 1384 459 et
1413 417 1504 458 cod.
1536 417 1818 468 Erfurtensis,

379 513 439 539 ex
469 499 598 540 Verr.
626 498 695 548 ΙΙ,
725 500 805 548 69,
843 499 926 536 166
954 511 980 537 a
1006 497 1222 551 Zumptio.
1279 494 1329 535 In
1359 494 1439 535 hac
1466 496 1661 534 oratione
1693 506 1819 534 nemo

380 584 601 623 senserat,
646 589 682 614 c.
713 575 792 624 29,
825 575 879 613 82
907 572 1181 612 scribendum
1214 585 1309 613 esse
1341 571 1407 611 ibi
1435 584 1600 626 quoque
1637 584 1714 611 ποθ
1740 583 1820 625 pro

380 652 446 692 iba·
470 664 545 691 nos
585 663 773 705 quoqne3
818 649 1083 689 demonstrat
1127 650 1438 689 contrariorum
1476 647 1652 689 relatio:
1698 652 1749 688 ut
1773 650 1821 686 in

381 733 477 782 ipsa
510 740 656 766 ccmsa.
724 725 886 766 Contra
924 728 1004 776 19,
1047 727 1103 766 52
1132 725 1432 779 Heusingerus
1471 733 1514 764 et
1551 724 1652 775 alii,
1691 725 1822 764 etiam

381 803 604 852 Orellius,
644 811 760 843 recte
795 791 1094 843 restituerant:
1147 802 1296 842 Verum
1334 799 1422 840 koec
1459 805 1506 840 tu
1547 812 1712 855 quoque
1744 813 1824 855 pro

393 881 544 921 Verum
574 878 662 919 lewe
692 893 858 935 quoqne
888 885 957 930 tu,
989 877 1331 932 confirmantque
1362 876 1486 917 illam
1515 877 1770 931 scripturam
1799 889 1826 917 a

382 971 451 998 me
490 958 692 1011 inspectae
738 956 950 996 editiones
999 964 1180 996 vetustae
1222 956 1373 1005 (1472,
1411 953 1552 1007 1480).
1624 953 1825 1008 Zumptio

385 1034 459 1084 (ad
488 1034 616 1075 Verr.
648 1032 678 1073 l.
712 1035 765 1083 c.)
796 1034 942 1074 nescio
983 1032 1083 1087 quid
1117 1032 1336 1082 acciderit,
1366 1039 1414 1071 ut
1446 1032 1491 1071 in
1521 1029 1603 1071 hoc
1633 1029 1730 1070 loco
1758 1044 1826 1070 re-

381 1118 612 1166 pugnaret,
636 1112 681 1151 in
715 1124 798 1165 quo
828 1109 1090 1165 explicando
1124 1117 1261 1156 errat3
1294 1122 1380 1148 non
1409 1107 1513 1157 haec,
1537 1117 1583 1148 ut
1603 1108 1828 1161 superiora

383 1187 544 1243 aliqua,
568 1186 720 1228 Cicero
733 1188 962 1242 nugatoria
974 1199 1068 1225 esse
1082 1185 1270 1239 intelligi
1283 1186 1398 1234 dicit,
1430 1185 1520 1235 sed,
1548 1184 1638 1225 haec
1654 1184 1826 1238 quidem

384 1264 458 1303 vel
484 1265 625 1318 ipsum
652 1263 857 1303 Erucium
881 1271 1189 1312 accusatorem,
1224 1276 1310 1302 non
1329 1260 1472 1301 solum
1498 1268 1690 1310 eaeteros,
1722 1258 1828 1300 talia

384 1354 480 1380 esse
510 1338 772 1394 intelligere.
841 1338 949 1388 Quae
983 1339 1035 1379 de
1066 1352 1232 1394 quoque
1264 1339 1386 1389 dixi,
1418 1337 1643 1378 transferri
1675 1336 1826 1377 eadem

383 1425 563 1472 possunt
596 1416 650 1456 ad
683 1415 879 1472 quidem,
921 1430 1048 1471 quam
1086 1415 1342 1472 particulam
1381 1416 1426 1456 in
1469 1423 1576 1456 orat.
1614 1428 1693 1469 pro
1729 1413 1826 1455 Mil.

387 1495 466 1542 12,
507 1494 562 1532 32
598 1494 644 1532 in
693 1507 819 1534 suum
860 1493 1004 1534 locum
1047 1494 1207 1534 reduxi
1257 1493 1513 1533 auctoritate
1550 1491 1829 1545 Palimpsesti

386 1568 543 1618 Taur.,
585 1569 772 1620 Erfurt.‚
815 1569 1079 1610 scholiorum
1107 1569 1251 1611 Vatic.
1310 1568 1409 1610 Non
1444 1569 1637 1609 concedit
1669 1576 1829 1618 orator,

386 1645 467 1685 hoc
507 1646 612 1686 satis
659 1647 830 1700 quidem
864 1660 984 1697 esse,
1029 1646 1105 1686 sed
1147 1655 1291 1687 tamen
1335 1661 1381 1686 se
1419 1645 1517 1700 plus
1559 1646 1829 1694 effecturum,

387 1723 461 1762 sed
495 1723 736 1772 contendit,
788 1723 870 1764 hoc
903 1707 1009 1764 'esse
1051 1725 1179 1773 satis,
1223 1727 1270 1763 m
1307 1724 1388 1763 illa
1426 1722 1594 1779 quidem
1636 1721 1828 1775 (saltem)

388 1799 550 1840 belluas.-
630 1799 681 1840 In
725 1799 892 1841 duobus
935 1809 1079 1841 tamen
1124 1801 1348 1841 Roscianae
1388 1799 1495 1840 loeis
1538 1812 1622 1838 non
1665 1797 1829 1847 dubito,

387 1878 514 1932 quin,
567 1885 614 1917 ut
657 1886 826 1918 veteres
865 1879 1102 1927 editiones,
1152 1878 1214 1917 sic
1252 1878 1422 1917 codices
1465 1889 1634 1931 quoque
1675 1873 1833 1915 saltem

384 1953 581 2010 plerique
608 1962 772 1995 rectum
803 1955 996 1995 ordinem
1030 1953 1282 2005 habuerint,
1329 1954 1616 2008 editionisque
1647 1951 1831 1992 alicuius

387 2018 589 2071 mendum
635 2031 688 2071 ad
734 2039 910 2072 caeteras
948 2032 1164 2071 incuriose
1197 2038 1482 2085 propagatum
1514 2030 1594 2079 sit,
1630 2028 1832 2083 quemad-

388 2108 561 2148 modum
593 2106 722 2148 Catil.
756 2107 814 2158 II,
847 2110 889 2158 2,
919 2109 947 2148 4
978 2122 1055 2163 per
1088 2109 1172 2148 tria
1200 2106 1349 2148 secula
1381 2114 1423 2147 et
1449 2106 1672 2146 dimidium
1695 2118 1832 2160 usque

390 2184 440 2224 ad
473 2198 540 2223 me
575 2185 737 2224 editum
768 2193 834 2225 est
866 2186 959 2225 sine
990 2183 1081 2224 ulla
1113 2183 1381 2225 dubitatione
1411 2183 1555 2223 alieno
1589 2196 1683 2232 cere,
1718 2181 1830 2236 quod

390 2274 515 2300 nemo
545 2259 728 2299 Latinus
758 2261 896 2309 dixit,
929 2274 1006 2314 pro
1042 2273 1122 2299 oere
1151 2261 1321 2310 alieno,
1355 2259 1467 2314 quod
1499 2260 1647 2313 primae
1678 2258 1831 2298 editio-

390 2351 465 2377 nes
500 2335 659 2376 habent
681 2338 732 2385 ¹).

417 2452 454 2493 ²)
480 2452 528 2484 Et
552 2449 695 2483 codices
721 2448 965 2483 Steinmetzii.
1026 2448 1207 2490 Omnino,
1245 2448 1290 2482 de
1324 2459 1395 2493 quo
1428 2451 1577 2493 questus
1609 2459 1692 2482 sum
1725 2447 1831 2490 alibi,

477 2513 541 2545 scd
577 2509 804 2554 querendum
834 2514 888 2543 est
919 2509 1072 2554 saepius,
1108 2510 1244 2542 mirum
1272 2513 1346 2550 cst,
1378 2520 1489 2553 quam
1515 2509 1751 2554 negligenter
1774 2508 1833 2542 in-

479 2571 627 2605 terdum
657 2569 843 2614 philologi
871 2571 1011 2614 legant,
1039 2571 1098 2603 vel
1125 2569 1258 2613 potius,
1288 2580 1399 2613 quani
1426 2581 1496 2603 non
1521 2569 1678 2603 scientia.
1696 2568 1832 2602 veteris

482 2630 661 2665 sermonis
687 2631 733 2663 ad
758 2634 933 2675 vegetum
958 2630 1067 2663 illum
1095 2635 1131 2663 et
1157 2641 1280 2663 acrem
1308 2640 1456 2663 sensum
1483 2630 1730 2674 perducatur,
1770 2627 1833 2672 qui

481 2692 526 2725 ad
554 2692 650 2725 falsa
677 2694 714 2725 ct
741 2701 858 2735 prava
891 2701 959 2724 sua
993 2694 1124 2735 sponte
1159 2690 1335 2724 offendat.
1399 2691 1468 2723 Vel
1504 2690 1541 2723 in
1567 2690 1639 2722 hac
1663 2687 1834 2722 oratione

479 2751 664 2785 Rosciana
690 2755 765 2785 tam
802 2761 824 2785 u
861 2750 990 2784 multis
1024 2754 1255 2794 pertractata
1290 2761 1398 2784 nemo
1437 2750 1622 2784 editorum
1648 2748 1685 2782 in
1711 2760 1742 2782 c,
1773 2748 1833 2789 29,

480 2812 519 2845 81
550 2811 810 2847 animadvertit
831 2810 1088 2845 soloecismum
1117 2811 1153 2843 in
1177 2811 1248 2844 hac
1267 2810 1525 2846 coniunctione
1551 2820 1621 2845 non
1650 2809 1829 2845 latentem
