1981 3390
0 1634 1 1641 ⁴
0 910 7 1590 2x-0——w—.-—⁴w--———--*—vff
0 811 2 901 *vv44

1431 233 1531 283 479

151 354 317 394 fecerit.
381 352 577 407 Ineptum
607 357 672 391 cst
704 350 837 404 igitur
877 347 1088 400 credidit,
1134 362 1212 390 nee
1254 351 1455 393 Latinum
1500 367 1523 394 e
1552 368 1601 395 re

144 430 322 484 publica
365 443 457 470 erse
501 426 653 476 creda,
705 432 755 466 vt
781 425 975 476 facium.
1048 426 1134 468 Sed
1174 428 1219 468 in
1262 428 1355 469 cod.
1391 429 1490 470 Par.
1533 441 1599 471 est

148 501 576 561 etiamen-ipereeicit,
620 503 664 544 in
692 502 820 544 Bern.
853 507 1266 558 ele'ttneere)›e‘reeicoe'l.
1328 505 1540 547 Gruterus
1573 522 1597 548 e

147 588 237 626 suis
277 592 320 624 et
361 582 570 622 Gulielmi
614 581 833 622 codicibus
876 580 983 622 nihil
1021 584 1189 623 notavit
1230 598 1255 623 a
1293 591 1381 624 tum
1418 583 1599 639 vulgata

146 662 207 717 (id
240 669 330 711 est,
373 660 509 701 llerv.
541 669 583 700 et
613 658 774 714 Naug.)
810 659 1058 713 discrepans
1102 660 1251 710 (eliam
1293 664 1599 715 eripit-eiecit).

148 738 220 779 Ex
247 738 345 779 Par.
369 737 581 787 lectione,
613 751 699 778 una
729 737 853 778 litera
884 737 920 776 E
951 740 993 777 in
1026 737 1060 778 F
1094 745 1257 778 mutata
1287 746 1330 778 et
1360 737 1379 779 I
1411 738 1599 790 sublata,

149 815 354 856 efficitur:
398 814 619 864 Perfecit,
651 821 720 866 nt,
765 815 876 869 quod
912 815 1219 869 gravissimum
1253 823 1295 855 et
1327 817 1597 871 aptissimum

148 903 212 933 ost
241 896 379 934 tertiae
408 902 450 934 et
485 901 692 933 extremm
721 893 857 946 partis
877 894 1116 942 sententioe,
1147 901 1194 932 ut
1219 893 1325 943 dixi,
1355 895 1526 934 initium
1542 895 1595 946 ¹).

149 971 321 1012 Deinde
353 971 460 1011 vidit
493 971 576 1010 iam
612 978 711 1009 ante
750 970 832 1009 tria
861 983 982 1023 paene
1016 968 1174 1010 saecula
1205 968 1454 1020 Manutius,
1485 969 1599 1025 quod

147 1049 312 1090 homini
355 1049 406 1088 ad
457 1047 768 1087 sententiarum
815 1046 1197 1087 conformationem
1236 1046 1475 1088 attendenti
1513 1062 1598 1089 non

147 1140 252 1166 sane
297 1123 474 1165 difficile
512 1124 618 1173 fuit,
663 1126 725 1173 (et
761 1131 903 1163 tamen
939 1137 1064 1164 nemo
1107 1132 1260 1177 postea
1303 1124 1436 1176 vidit3
1472 1125 1601 1166 Orel-

146 1201 261 1253 lius,
301 1216 428 1257 quam
458 1203 502 1242 in
534 1209 720 1241 mentem
757 1202 970 1251 venisset,
1019 1201 1165 1242 nescio
1209 1216 1263 1243 an
1310 1216 1369 1243 ex
1409 1201 1599 1243 Manutii

150 1280 453 1330 adnotatione,
486 1279 615 1318 etiam
650 1277 843 1329 abiecit,)
871 1279 992 1329 vidit,
1017 1280 1208 1335 inquam3
1235 1293 1364 1335 quum
1395 1280 1479 1320 tria
1508 1279 1600 1321 haec

148 1357 463 1413 praecederent:
511 1355 710 1396 Cervices
742 1355 940 1396 tribunus
973 1356 1118 1411 plebis
1152 1361 1326 1411 privato
1359 1379 1415 1387 —
1445 1357 1599 1397 (Im-et?

148 1449 206 1475 an
246 1448 417 1475 causam
450 1439 687 1486 susceptam
724 1435 968 1488 affligeret?
1013 1448 1070 1475 an
1103 1449 1148 1475 se
1181 1435 1297 1476 donn*
1327 1435 1598 1475 contineret?

148 1513 201 1553 ad
246 1513 332 1552 duo
371 1513 517 1564 priora
563 1521 761 1551 accurate
807 1511 982 1552 referri:
1024 1510 1088 1552 Ec
1115 1516 1237 1552 vinci
1265 1518 1389 1566 {werpe
1425 1516 1602 1566 putavit

147 1590 360 1641 (cervices
401 1588 523 1638 dare)
570 1593 615 1628 et
653 1588 870 1628 deterrere·
907 1589 1099 1642 (causam
1143 1589 1339 1645 affligere
1382 1598 1424 1630 et
1466 1589 1600 1630 relin-

149 1664 316 1721 quere),
347 1667 521 1706 tertium
555 1664 805 1706 desiderari.
862 1665 910 1706 ld
943 1665 1264 1718 (mathematice
1302 1665 1393 1707 haec
1425 1667 1602 1708 demon·

148 1743 277 1784 strati
305 1745 501 1797 possunt)
526 1740 633 1782 latet
670 1743 714 1781 in
744 1744 841 1782 istis
872 1747 1093 1793 etiatnere',
1136 1757 1194 1789 ex
1231 1742 1386 1798 quibus
1417 1742 1601 1785 efficitur

148 1828 191 1863 et
223 1822 363 1861 latere
394 1820 529 1869 (domi
562 1833 608 1858 se
642 1819 898 1870 continere).
961 1807 1229 1860 Infinitivum
1263 1822 1299 1860 si
1332 1822 1427 1874 quis
1463 1821 1601 1861 ducti-

147 1899 228 1940 bus
271 1898 492 1950 scripturae
545 1896 741 1936 codicum
781 1897 1026 1950 propiorem
1065 1899 1299 1951 repererit,
1342 1897 1602 1948 substituet3

149 1977 225 2017 sed
256 1984 527 2029 reperturum
560 1975 642 2013 vix
676 1973 819 2023 credo,
854 1974 925 2028 qui
955 1974 1125 2028 quidem
1157 1983 1280 2026 aptus
1314 1975 1392 2022 sit3
1427 1989 1505 2015 nec
1531 1974 1601 2016 hic

149 2052 279 2093 valde
319 2051 499 2092 discedit
531 2052 647 2104 (nam
673 2054 693 2090 i
712 2064 789 2103 pro
823 2064 847 2090 e
875 2051 1035 2091 factum
1066 2059 1130 2091 est
1158 2051 1339 2106 reliquis
1370 2053 1456 2092 iam
1487 2052 1601 2093 male

149 2131 329 2179 iunctis,
374 2132 394 2168 i
437 2137 479 2168 et
524 2129 542 2168 l
577 2136 787 2182 perpetuo
827 2132 1178 2178 comnmtantur).
1254 2130 1326 2170 Sic
1369 2138 1433 2170 est
1466 2131 1599 2185 igitur

150 2208 272 2248 locus
314 2206 629 2246 restituendus:
680 2204 745 2246 Ec
787 2209 909 2246 vince·
942 2211 1066 2259 turpe
1099 2210 1277 2260 putavit
1316 2212 1360 2247 et
1388 2206 1603 2248 deterreri

150 2291 194 2325 et
223 2286 373 2324 lalere.
433 2281 656 2332 Perfecit,
696 2287 768 2332 vet,
810 2287 1009 2337 qnoniam.
1045 2293 1125 2324 etc.

270 2360 319 2401 C.
349 2363 428 2410 42,
469 2363 522 2401 91
554 2361 738 2412 primum
782 2373 805 2399 e
847 2359 968 2400 codd.
1000 2360 1098 2400 Par.
1131 2368 1172 2400 et
1201 2359 1360 2401 Bernn.
1389 2375 1601 2414 reponen-

149 2439 248 2479 dum
275 2439 469 2479 videtur:
505 2435 611 2484 Quis
631 2440 742 2477 enim
772 2442 985 2485 nostrum.;
1018 2442 1201 2478 vestrum
1231 2436 1362 2492 paulo
1393 2446 1458 2478 est
1482 2452 1600 2479 arro-

151 2517 350 2570 gantius,
380 2524 582 2569 tanquam
601 2514 766 2555 iudices
795 2514 884 2555 haec
909 2515 1076 2556 doceat.
1139 2515 1310 2556 Deinde
1340 2514 1461 2555 locus
1491 2514 1600 2555 obii-

152 2594 261 2632 citur
302 2590 429 2632 valde
477 2600 807 2642 controversus,
855 2594 929 2647 qui
969 2594 1031 2633 sic
1068 2592 1232 2633 editur:
1291 2591 1393 2632 Tum
1433 2592 1601 2632 reem!

154 2681 407 2708 communem
442 2669 690 2719 utilitatem,
722 2682 829 2724 quas
850 2669 1050 2723 publicas
1072 2670 1350 2725 appellamus,
1385 2673 1471 2710 tecm
1499 2681 1597 2710 con-

180 2832 217 2872 ι)
251 2831 349 2865 Fecit
373 2842 406 2865 v.
435 2830 553 2874 effecit
579 2830 654 2866 ium
681 2829 825 2876 aliquot
850 2831 987 2869 abhinc
1013 2832 1154 2870 saeculis
1180 2830 1428 2868 coniectatum
1451 2835 1515 2866 eet.
