1981 3390
456 282 546 328 166

386 403 576 454 graviter
607 403 863 456 exprimitur
900 404 1207 443 contrariorum
1242 403 1394 443 relatio
1426 406 1510 453 (me
1551 416 1670 444 nemo
1699 424 1746 434 -
1780 412 1821 445 te

385 481 468 530 2'8)‚·
500 477 588 517 illis
622 485 770 518 eontra
812 478 967 517 additis
1011 479 1178 533 pondus
1222 481 1446 519 sententiae
1479 493 1504 520 a
1537 479 1681 521 verbis
1713 485 1756 521 te
1784 484 1822 521 ie

384 554 639 594 transfertur
673 554 726 594 ad
759 553 993 594 clausulam
1028 555 1175 606 illam,
1220 558 1265 596 in
1303 570 1386 610 qua
1418 570 1513 596 esse
1550 571 1636 597 non
1674 556 1826 606 debet;

387 639 478 671 tum
510 639 705 685 apertum
737 637 825 679 est,
874 631 1016 683 posita
1061 631 1193 671 alieni
1225 632 1411 673 hominis
1445 633 1825 674 circumlocutione

388 706 503 746 finiri
534 707 791 745 sententiam
824 713 865 744 et
893 713 1093 760 tanquam
1122 709 1313 749 residere
1341 712 1384 749 in
1418 712 1511 764 ipso
1537 712 1726 760 nomine,
1757 711 1827 750 cui

388 790 485 836 apte
519 781 839 835 subiunguntur
871 781 949 821 illa
977 781 1039 822 El·
1067 783 1166 822 vide
1198 792 1277 823 ete.
1300 787 1355 835 1).
1431 785 1583 840 Itaque
1609 789 1711 841 quin
1740 787 1823 827 duo

390 858 467 899 illa
498 858 634 899 verba
666 857 848 898 delenda
878 859 989 907 Sint,
1030 859 1218 900 dubitari
1251 874 1336 900 non
1361 869 1517 915 potest.

511 934 658 975 Incido
692 934 846 974 deinde
876 949 1025 975 rursus
1057 937 1100 975 in
1132 935 1274 976 locum
1305 939 1366 977 ita
1399 937 1534 992 vulgo
1565 939 1756 992 graviter
1788 947 1831 979 et

390 1018 538 1064 aperte
570 1011 850 1062 mendosum,
889 1020 961 1063 ut,
994 1013 1105 1066 quod
1138 1014 1181 1052 in
1214 1027 1299 1053 uno
1334 1022 1375 1054 et
1405 1013 1543 1054 altero
1574 1013 1670 1054 loco
1700 1028 1830 1069 supra

389 1087 533 1127 facere
564 1101 632 1128 me
663 1087 931 1142 significavi,
963 1102 1138 1143 prorsus
1169 1089 1378 1140 demirer,
1409 1105 1466 1130 ex
1496 1098 1559 1130 tot
1592 1090 1829 1132 editoribus

391 1172 434 1203 et
465 1162 773 1219 interpretibus
818 1165 981 1205 nullius
1024 1180 1078 1206 ne
1119 1165 1429 1207 dubitationem
1470 1166 1640 1221 quidem
1671 1176 1831 1208 motam

392 1253 502 1280 esse.
568 1240 673 1295 Cap.
702 1243 814 1281 enim
833 1244 902 1291 21,
929 1243 983 1281 50
1009 1241 1258 1296 legebatur:
1287 1244 1491 1296 Accipite
1514 1256 1641 1293 mmo,
1675 1256 1829 1297 quceso,

391 1329 476 1356 non
509 1331 576 1367 ea,
602 1331 696 1370 quoe
724 1321 817 1370 ipse
847 1322 892 1356 in
925 1331 970 1356 se
1003 1324 1130 1371 alque
1161 1323 1207 1358 in
1239 1318 1510 1358 domesticum
1539 1319 1724 1359 dedecus
1755 1323 1831 1359 im—

384 1405 497 1445 pure
529 1399 658 1447 alque
698 1397 1061 1447 intemperanter,
1098 1395 1176 1435 sed
1214 1408 1308 1448 qnoe
1351 1398 1396 1435 in
1437 1408 1514 1435 nos
1538 1394 1834 1449 ‚fortunasque

391 1474 585 1519 nostras,
629 1470 678 1510 id
708 1477 792 1520 esc,
833 1475 879 1511 e‘n
926 1475 1171 1511 universam
1213 1486 1300 1512 rem
1328 1471 1572 1526 publicam,
1618 1475 1748 1526 imp-ie
1781 1485 1833 1512 ae

392 1545 567 1594 nefarie
592 1547 777 1596 fecerit.
854 1547 994 1588 Nemo
1039 1557 1103 1588 est
1134 1556 1302 1597 autem,
1342 1550 1442 1603 quin
1482 1548 1730 1602 intelligere
1763 1549 1834 1589 de-

393 1620 517 1672 beat,
557 1626 884 1677 perversissime
924 1618 1006 1664 dici
1046 1628 1092 1664 in
1133 1637 1178 1664 se
1214 1629 1343 1677 atque
1373 1628 1420 1664 iu
1454 1625 1726 1665 domesticum
1759 1625 1831 1665 ‹le-

393 1697 546 1747 decns‚·
594 1701 636 1741 id
669 1710 734 1741 est
762 1703 901 1751 enim,
935 1709 1080 1741 contra
1108 1714 1211 1740 sane
1239 1715 1287 1740 ae
1318 1700 1447 1755 vulgo
1482 1703 1832 1756 interpretantur,

393 1778 594 1828 quoniam
626 1780 871 1819 necessario
910 1780 954 1818 in
989 1777 1068 1817 hac
1101 1778 1402 1817 coniunctione
1436 1778 1585 1817 eadem
1621 1786 1686 1818 est
1717 1786 1833 1818 utro-

393 1865 474 1905 que
508 1852 604 1893 loco
644 1856 962 1910 praepositionis
1002 1862 1220 1909 potestas,
1267 1859 1417 1893 contra
1464 1853 1647 1894 dedecus
1686 1868 1832 1902 suanm

393 1937 521 1983 atque
541 1932 600 1971 ita
617 1933 844 1972 coniuncta
873 1932 962 1972 haec
992 1945 1102 1981 esse,
1131 1932 1167 1970 si
1187 1938 1330 1984 potest
1348 1945 1441 1971 esse
1464 1930 1655 1980 dubium,
1691 1939 1835 1971 osten-

394 2005 522 2057 dunt,
575 2022 667 2062 quae
710 2009 776 2048 his
824 2009 1082 2049 redduntur:
1127 2012 1173 2047 ῖιι
1220 2020 1296 2047 uos
1324 2007 1622 2062 fortunasque
1651 2013 1832 2048 nostrae.

421 2145 457 2185 ¹)
483 2144 624 2177 Mirum
659 2148 733 2185 est,
779 2144 816 2178 in
852 2144 936 2186 his,
976 2156 1054 2189 quae
1087 2146 1315 2188 sequuntur,
1360 2143 1603 2178 certissimam
1644 2143 1840 2178 Garatonii

485 2205 782 2238 emendationem
809 2206 1019 2250 neglectam
1055 2216 1133 2238 csse
1156 2207 1309 2249 propter
1333 2204 1652 2248 perversissimam
1677 2205 1838 2249 vulgatae

481 2262 653 2296 lectionis
680 2265 948 2298 defensionem.
1000 2266 1080 2300 Non
1105 2264 1236 2309 quaeri,
1271 2275 1358 2297 num
1387 2264 1532 2298 Rubrio
1557 2263 1750 2306 Antonius,
1774 2264 1837 2297 sed

484 2331 571 2353 num
608 2323 770 2356 Antonio
804 2324 970 2356 Rubrius
1005 2327 1113 2357 notus
1149 2323 1285 2363 fuerit,
1327 2335 1397 2356 non
1436 2325 1544 2357 modo
1580 2334 1623 2356 ex
1658 2323 1724 2364 iis,
1760 2335 1838 2367 qua>

485 2383 716 2423 praecedunt,
758 2382 1005 2427 intelligitur,
1050 2383 1113 2414 sed
1155 2382 1269 2414 etiam
1313 2392 1356 2414 ex
1400 2381 1468 2423 iis,
1514 2393 1591 2425 quae
1634 2389 1838 2427 sequuntur

487 2440 624 2482 (Velim
648 2441 737 2475 mihi
760 2442 861 2475 dicas
887 2443 989 2484 ete.).
1049 2442 1120 2474 Sed
1149 2441 1232 2474 aliis
1260 2441 1402 2474 duabus
1431 2442 1476 2474 de
1500 2442 1619 2475 causis
1653 2442 1744 2475 ferri
1771 2454 1835 2477 ne-

488 2500 569 2543 quit
600 2502 820 2545 vulgatum3
858 2503 952 2546 quod
981 2503 1103 2543 fueris
1128 2502 1274 2534 soloeee
1307 2500 1443 2534 dicitur
1467 2512 1534 2544 pro
1561 2512 1680 2543 csses3
1707 2502 1840 2536 deinde

487 2561 582 2604 quod
623 2565 704 2605 post
743 2561 810 2594 ilia
849 2562 896 2594 Ec
923 2563 1063 2605 quidem
1089 2562 1193 2600 vide,
1241 2571 1345 2603 quam
1372 2565 1405 2593 te
1430 2561 1562 2594 amarit
1591 2562 1645 2600 is,
1681 2562 1744 2605 qui
1767 2566 1836 2597 cte.

488 2619 594 2664 nequi
618 2621 735 2664 ¹debet
764 2622 969 2664 sententia,
1007 2635 1084 2667 quae
1111 2622 1222 2655 huius
1252 2620 1388 2654 amoris
1424 2620 1602 2654 indicium
1629 2621 1838 2663 contineam

490 2691 532 2713 eu
558 2682 653 2715 solet
676 2693 741 2725 per
766 2693 804 2715 se
831 2682 937 2724 addi,
963 2683 1024 2716 sed
1053 2687 1176 2716 tamen
1204 2680 1360 2724 adiungi
1386 2692 1452 2724 per
1478 2681 1679 2714 relativum
1705 2685 1838 2726 potest,

488 2745 529 2773 ut
558 2740 606 2774 sit
633 2753 763 2784 quum3
796 2743 858 2775 sed
886 2746 964 2776 tum
991 2753 1057 2775 nec
1087 2743 1139 2781 is,
1177 2745 1239 2787 qm·
1264 2743 1335 2777 dici
1359 2747 1504 2788 potest,
1535 2753 1612 2785 quoe
1639 2740 1836 2776 circumlo-

489 2800 586 2833 cutio
620 2805 674 2835 ost
705 2801 882 2843 subiecti,
929 2814 995 2836 nec
1036 2802 1256 2838 indicativus
1292 2804 1408 2849 sequi.
1466 2805 1597 2848 Itaque
1629 2801 1837 2837 nece-:surio

493 2871 585 2894 nova
615 2861 797 2897 sententia
824 2862 997 2908 incipitn
1024 2863 1166 2897 verbis:
1207 2864 1347 2897 Fratris
1369 2863 1501 2906 filium.
