1981 3390
1428 208 1527 256 487

144 336 301 382 fuisse3
332 347 430 374 nam
463 334 506 373 in
540 339 709 372 nostros
745 333 862 369 certe
894 327 1064 368 codices
1099 326 1168 367 vel
1202 328 1346 382 potius
1379 327 1593 368 editiones

146 412 200 453 ub
233 411 542 466 interpolatore
575 409 707 448 venit.
779 404 866 446 Sed
913 405 1025 460 quod
1070 405 1184 445 idem
1218 404 1407 444 codicem
1447 405 1596 445 arche·

147 495 294 544 typum
329 488 409 529 hoc
434 486 528 527 loco
563 483 862 539 negligentius
892 484 1098 537 scriptum
1118 482 1254 523 fuisse
1272 489 1409 536 putat,
1439 483 1480 521 in
1511 496 1596 536 quo

147 569 276 607 etiam
324 577 408 605 nou
457 562 586 618 paulo
629 571 730 603 ante
771 570 813 602 et
862 560 992 614 paulo
1036 568 1131 615 post
1173 561 1355 612 (§107)
1397 557 1597 600 exhibuit

146 644 307 683 omissa
340 642 452 691 sint,
481 642 726 695 negationis
755 641 912 692 saepius
955 647 997 679 et
1036 640 1081 678 in
1121 637 1202 678 hoc
1244 646 1287 678 et
1318 639 1362 678 in
1395 636 1495 678 aliis
1528 652 1598 677 co-

143 718 312 760 dicibus
342 720 512 759 omissa:
543 718 629 759 alia
660 727 726 759 est
751 719 877 767 ratio,
912 719 954 757 in
988 716 1125 758 altero
1157 724 1299 757 autem
1330 715 1426 755 loco
1456 714 1596 755 codex

146 798 282 838 Paris.
329 811 424 837 cum
463 794 622 837 Bernn.
667 797 942 836 consentiens
975 795 1228 835 lacunosum
1261 795 1432 849 quidem
1463 792 1598 833 fuisse

144 875 335 915 codicem
368 873 647 928 archetypum
682 873 892 920 ostendit;
937 873 1012 912 sed
1055 874 1215 926 optime
1260 871 1390 912 simul
1421 869 1598 910 tolletur

147 952 307 992 locutio
347 965 430 992 non
475 951 785 999 Ciceroniana,
827 948 882 989 ab
931 949 1242 1004 interpolatore
1283 949 1391 989 satis
1434 947 1600 988 recenti

146 1031 333 1070 invecta.
396 1027 510 1070 Nam
540 1026 748 1068 exhibere
774 1041 821 1068 se
852 1033 1095 1076 auctorem,
1132 1027 1394 1079 supplicem,
1436 1024 1598 1065 similia

145 1112 237 1161 (pro
270 1121 349 1156 eo,
398 1105 510 1160 qnod
549 1113 615 1146 est·
647 1111 862 1145 auctorem
893 1119 939 1145 se
965 1104 1178 1158 praebere)
1209 1112 1308 1144 ante
1340 1104 1598 1144 Suetonium

142 1185 215 1238 qni
246 1184 433 1232 dixerit,
471 1197 555 1223 non
588 1185 852 1237 reperietur;
897 1197 946 1224 ac
985 1197 1038 1223 ne
1079 1184 1117 1222 is
1156 1182 1328 1237 quidem
1367 1182 1428 1221 ita
1467 1180 1598 1229 dixit,

142 1261 215 1301 sed
244 1259 719 1310 exhibereministrum,
754 1260 940 1311 similia,
970 1262 1064 1301 sine
1086 1256 1410 1315 pronomine1).
1467 1258 1597 1313 Apud

142 1337 396 1379 Ciceronem
423 1337 609 1393 praebuit
639 1339 858 1379 excidisse
890 1339 1076 1380 videtur.
1141 1337 1226 1379 Sed
1257 1344 1483 1392 perspecto
1515 1334 1597 1376 hoc

141 1416 300 1457 codicis
329 1415 550 1471 archetypi
595 1418 637 1456 in
685 1416 765 1457 hoc
807 1415 904 1458 loco
941 1416 1121 1465 mendo,
1169 1415 1410 1468 patefactus
1455 1413 1597 1454 aditus

139 1503 205 1534 est
235 1495 287 1534 ad
319 1493 450 1535 aliam
483 1495 833 1546 disputationem.
896 1493 1009 1536 Nam
1041 1508 1134 1549 quae
1168 1500 1406 1548 sequuntur
1440 1490 1597 1532 verba:

139 1571 284 1613 Huius
317 1574 459 1611 omelia
491 1577 533 1611 et
557 1575 788 1625 pergravis
821 1577 865 1612 et*
888 1577 1023 1626 grata
1056 1574 1251 1611 contioni
1263 1569 1393 1620 ficet,
1433 1584 1484 1609 ea
1512 1570 1598 1623 pri-

140 1663 255 1691 mum
288 1649 430 1690 codex
463 1647 609 1689 nullus
639 1650 702 1689 sic
734 1650 895 1705 scripta
923 1648 1078 1700 habet,
1110 1663 1190 1689 nec
1221 1650 1310 1699 ita,
1342 1656 1390 1688 ut
1422 1661 1482 1688 ex
1512 1647 1594 1688 hac

139 1725 327 1766 lectione
359 1725 446 1765 illoe
474 1727 695 1780 scriptura:
726 1736 831 1769 ortae
859 1742 954 1768 esse
983 1728 1166 1780 possint.
1231 1726 1387 1777 (Paris.
1421 1730 1466 1766 iu.
1500 1738 1599 1766 con-

139 1807 270 1853 tione,
304 1801 464 1844 Bernn.
497 1811 540 1843 et
568 1802 752 1857 reliqui,
785 1805 868 1843 etsi
903 1802 1114 1844 Gruterirs
1141 1786 1269 1854 silet,
1306 1807 1354 1843 in.
1385 1806 1597 1842 contioni-

140 1880 230 1930 bus,
264 1894 323 1921 ex
350 1895 435 1935 quo
461 1879 657 1922 Orellius
680 1880 806 1922 fecit:
839 1883 884 1919 in
910 1884 1110 1921 constane
1136 1879 1362 1933 omnibus).
1425 1879 1596 1920 Deinde

137 1972 315 2014 prorsus
349 1972 488 2012 nego,
532 1956 788 1999 Ciceronem
835 1965 922 1998 tam
955 1958 1112 2012 frigide
1156 1967 1199 1998 et
1238 1956 1416 1998 exiliter
1454 1957 1597 1998 dicere

141 2037 336 2092 potuisse
364 2036 416 2077 de
442 2034 522 2077 Cn.
544 2035 750 2091 Pompeio
774 2050 895 2076 suam
921 2049 1094 2077 causam
1116 2036 1168 2076 ad
1190 2034 1396 2090 populum
1419 2043 1597 2089 agente:

139 2114 283 2155 Huius
311 2117 452 2154 oratio
483 2136 539 2145 —
565 2119 700 2167 gruta
720 2112 825 2163 suit
854 2116 1055 2154 cone-conc
1086 2112 1176 2165 (vel
1209 2114 1338 2153 etiam
1370 2111 1595 2164 omnebus),

163 2277 201 2320 ι)
229 2277 326 2311 Eum
353 2277 518 2311 cadentis
543 2277 681 2322 linguae
708 2288 816 2311 usum
847 2288 946 2319 esse,
971 2277 1161 2311 duriorem
1187 2278 1223 2310 ct
1249 2273 1460 2319 poeticum,
1489 2274 1596 2307 Wot-

232 2337 304 2370 ssus
328 2336 459 2371 scribit
490 2338 537 2371 ad
573 2337 676 2372 Suet.
717 2339 842 2372 Vitell.
868 2339 925 2379 17,
961 2338 1121 2378 oblitus,
1157 2341 1197 2370 ut
1224 2335 1358 2376 ceteri,
1398 2335 1595 2375 adnotare,

231 2396 296 2430 ubi
322 2398 499 2438 alterum,
525 2397 775 2442 antiquiorem
801 2398 944 2431 scilieet
971 2402 1006 2431 et
1034 2397 1265 2443 prosaicum,
1292 2395 1592 2440 deprehenderit.

229 2458 354 2491 Unum
392 2462 447 2492 est
489 2458 587 2502 apud
619 2459 778 2492 eundem
815 2458 1036 2493 Suetonium
1074 2458 1286 2502 exemplum
1321 2457 1357 2490 iu
1396 2456 1516 2501 Calig.
1552 2455 1598 2488 22

231 2519 289 2561 (sc
323 2519 552 2552 ador-andum
586 2519 804 2553 adeuntibus
835 2519 1056 2562 exhibebat),
1093 2520 1156 2554 sed
1195 2518 1247 2551 ibi
1274 2522 1329 2551 cst
1354 2518 1399 2550 dc
1425 2528 1465 2549 se
1490 2517 1594 2558 (eor-

231 2590 323 2623 pore
346 2579 497 2620 suo)-in
523 2585 762 2624 conspectum
789 2582 911 2614 dando
938 2586 974 2615 ct
999 2580 1163 2613 ofl'crend
1175 2590 1208 2612 0.
1259 2577 1348 2611 Sine
1374 2575 1593 2620 pronomine

232 2641 285 2670 est
322 2638 420 2681 apud
449 2638 606 2682 Quintil.
646 2640 743 2679 XII,
785 2639 829 2679 2,
863 2641 886 2673 7
912 2646 969 2682 ct,
1004 2652 1112 2685 quem
1153 2638 1203 2674 ibi
1241 2637 1421 2677 laudant,
1460 2634 1588 2668 lustin.

230 2698 331 2740 vm,
353 2698 387 2739 ⁴,
415 2699 574 2740 xxva,
599 2699 632 2733 2.
691 2701 768 2734 Nec
795 2700 959 2734 exhibere
988 2699 1287 2735 benevolentiam,
1319 2696 1590 2732 liberalitatem,

230 2762 344 2801 cett„
377 2770 456 2803 quae
492 2760 592 2804 apud
619 2760 894 2801 Columellam,
929 2761 1098 2795 Plinium
1125 2760 1333 2798 Minorem,
1370 2755 1591 2791 Suetonium

232 2824 339 2861 sunt,
366 2821 466 2865 apud
490 2819 720 2865 antiquiores
748 2821 938 2866 leguntur.
