1981 3390
436 185 502 234 68

371 305 539 345 debeat.
601 304 724 346 Nihil
766 309 812 347 in
842 320 893 348 ea
934 305 1048 349 fictis
1094 309 1236 363 agitur
1273 307 1544 359 nominibus,
1589 311 1664 351 sed
1708 315 1819 353 veris

371 384 570 438 notisque
603 385 828 438 personis,
859 393 936 436 ut,
966 387 1005 425 si
1035 384 1115 426 hoc
1149 399 1235 425 uno
1268 383 1364 426 loeo
1394 386 1641 427 huiusmodi
1673 386 1819 429 fictum

371 475 525 501 nomen
580 460 788 501 Horatius
844 463 1089 515 posuisset,
1129 475 1278 518 xquum
1325 466 1563 518 praesertim
1609 463 1820 506 Rufillam

369 547 410 578 et
440 537 709 593 Gargonium
747 538 995 589 subiiceret,
1027 527 1168 601 nemo,
1202 555 1286 595 quo
1315 550 1545 595 spectaret,
1575 542 1821 583 intellectu-

369 629 441 655 rus
470 615 645 665 suisset,
677 615 751 655 sed
767 617 911 670 potius
941 630 1090 657 omnes
1116 619 1348 672 opinaturi,
1385 634 1534 660 verum
1552 634 1647 661 esse
1680 620 1818 662 homi·

368 707 491 742 nem,
532 693 608 732 sed
641 691 726 732 sibi
755 694 966 748 ignotum.
1025 695 1190 735 Verum
1227 696 1279 735 de
1317 697 1412 749 ipso
1456 700 1629 739 nomine
1668 679 1818 740 iriden-

367 772 465 810 dum
513 778 602 821 est,
651 772 695 811 in
737 785 820 826 quo
859 772 902 811 id
944 770 1079 811 latere
1117 773 1390 826 suspicantur
1431 774 1662 825 indicium,
1705 777 1817 830 quod

368 849 576 889 hactenus
621 848 782 889 frustra
825 850 1116 904 quaesivimus.
1182 849 1230 889 Id
1261 858 1303 890 et
1335 850 1411 890 alii
1444 859 1544 891 ante
1567 860 1609 891 et
1642 853 1818 907 copiosa

365 927 657 981 disputatione
701 926 982 969 &Veichertus
1042 941 1068 968 a
1100 925 1253 968 Graeca
1299 929 1443 969 radice
1483 929 1681 979 ductum,
1724 944 1817 985 quae

365 1014 507 1044 tamen
544 1005 676 1044 etiam
715 1003 824 1044 alias
855 1006 900 1045 in
934 1006 1158 1061 antiquum
1193 1020 1437 1047 sermonem
1475 1006 1681 1048 Latinum
1715 1023 1815 1063 pro·

364 1083 546 1137 pagines
597 1083 736 1137 egerit
776 1084 844 1133 (ut
881 1084 1074 1124 malacus
1110 1093 1176 1124 est
1221 1084 1334 1139 apud
1369 1085 1556 1125 Ennium
1602 1094 1643 1126 et
1689 1085 1818 1126 Plau-

364 1159 496 1214 tum),
536 1159 738 1200 mollitiei
787 1159 1152 1215 significationem
1192 1161 1354 1202 habere
1397 1162 1566 1203 docent.
1646 1162 1696 1203 In
1731 1177 1816 1217 quo

362 1240 447 1277 duo
487 1252 572 1277 non
605 1238 768 1278 vident.
847 1237 1041 1279 Primum
1080 1239 1236 1278 accidit
1267 1239 1327 1288 id,
1364 1239 1409 1279 in
1455 1254 1538 1294 quo
1572 1239 1678 1280 alibi
1712 1254 1816 1295 quo-

362 1330 444 1369 que
486 1314 691 1354 labuntur
731 1315 1018 1370 interpretes,
1072 1316 1231 1370 saepius
1280 1323 1424 1356 tamen
1464 1318 1521 1367 ii,
1571 1318 1621 1368 in
1661 1316 1815 1371 quibus

360 1393 463 1433 ferri
498 1393 636 1448 magis
667 1400 810 1447 potest
849 1391 1098 1433 huiusmodi
1138 1404 1198 1433 ex
1241 1392 1506 1449 etymologia
1539 1408 1694 1435 vocum
1727 1392 1814 1435 sin-

360 1471 559 1526 gularum
606 1468 950 1525 significationes
980 1471 1226 1525 reperiendi
1269 1471 1483 1522 studium,
1536 1472 1814 1521 vetustiores,

362 1559 431 1599 ut,
477 1547 627 1598 obliti,
674 1546 867 1588 Graecam
905 1547 1193 1604 Latinamque
1227 1548 1424 1604 linguam
1458 1549 1692 1604 aliquando
1727 1563 1812 1589 non

359 1626 486 1667 aliter
517 1640 565 1666 ac
598 1633 768 1666 nostras
797 1627 1008 1681 viguisse,
1041 1641 1093 1666 eo
1126 1627 1252 1667 modo
1294 1636 1463 1668 veteres
1492 1626 1740 1667 Graecorum
1769 1634 1813 1666 et

363 1705 614 1745 Latinorum
667 1705 928 1761 scriptorum
966 1703 1150 1744 lectores
1205 1720 1256 1745 ea
1301 1714 1508 1746 tractasse
1566 1714 1717 1760 putent
1772 1713 1815 1744 et

359 1798 532 1824 sensum
553 1783 677 1823 docte
702 1783 866 1823 eruisse
881 1812 893 1833 ,
926 1796 1009 1837 quo
1029 1783 1200 1823 nuncid
1218 1782 1435 1838 philologi
1452 1783 1627 1833 faciant,
1659 1790 1701 1822 et
1719 1781 1813 1837 phi-

359 1861 495 1917 lologi
529 1861 843 1914 suspicaciores
877 1875 1006 1915 quam
1042 1860 1309 1902 subtiliores.
1387 1859 1500 1901 Nam
1542 1860 1674 1901 fuerit
1706 1873 1811 1900 sane

360 1941 452 1979 eius
486 1939 667 1993 originis
695 1938 739 1978 id
771 1952 951 1989 nomen,
995 1946 1042 1978 ut
1085 1947 1177 1988 est3
1226 1947 1397 1988 tamen,
1439 1951 1570 1993 quum
1612 1939 1655 1978 id
1697 1947 1812 1978 esset

366 2016 496 2071 vulgo
539 2024 760 2072 receptum
795 2023 838 2056 et
869 2015 1072 2056 Latinam
1109 2016 1293 2057 formam
1323 2025 1495 2056 nactum
1529 2024 1571 2055 et
1602 2017 1646 2056 in
1680 2015 1808 2056 aliam

364 2095 602 2146 deflexum,
633 2110 759 2135 nemo
794 2096 836 2135 in
869 2109 920 2135 eo
953 2095 1093 2149 magis
1124 2095 1340 2148 originem
1365 2092 1644 2148 respiciebat,
1679 2109 1807 2149 quum

360 2172 587 2223 audiebat,
635 2187 761 2227 quam
796 2187 925 2227 quum
961 2172 1108 2221 Rufus·
1140 2170 1394 2225 infinitaque
1429 2171 1516 2211 alia
1551 2173 1811 2226 cognomina

362 2264 489 2293 aures
518 2249 916 2297 circumsonabant3
960 2250 1004 2288 in
1038 2262 1153 2288 nova
1196 2256 1239 2287 et
1277 2247 1455 2288 auribus
1489 2250 1660 2289 insueta
1697 2263 1810 2290 com-

356 2329 574 2383 positione
605 2327 747 2368 Varro
781 2328 841 2367 ita
873 2326 1022 2366 ludere
1053 2325 1237 2366 fortasse
1267 2334 1429 2381 posset,
1455 2340 1541 2367 non
1573 2326 1808 2376 Horatius3

358 2406 580 2461 multoque
620 2406 763 2446 minus
808 2405 849 2445 id
890 2403 986 2445 fieri
1031 2411 1202 2458 poterat
1244 2405 1386 2459 posita
1419 2418 1471 2445 ea
1500 2405 1666 2456 forma,
1715 2419 1808 2460 quae

355 2485 611 2541 longissime
644 2482 697 2523 ab
729 2484 897 2538 origine
933 2490 974 2523 et
1005 2496 1030 2522 a
1059 2480 1209 2523 Graeca
1234 2481 1517 2524 similitudine
1551 2483 1806 2535 discederet,

358 2561 683 2611 Malthimew).
769 2560 938 2601 Deinde
992 2561 1124 2601 miror
1164 2568 1284 2601 tanto
1327 2574 1457 2616 opere
1503 2563 1620 2603 viros
1659 2561 1807 2602 doctos

384 2681 421 2721 ¹)
451 2677 692 2711 Malchionem
719 2676 818 2720 apud
846 2674 1063 2710 Martialem
1087 2675 1165 2716 ΙΙΙ,
1190 2675 1248 2718 82,
1274 2673 1320 2710 32
1344 2675 1494 2711 Zoilum
1522 2675 1708 2722 appellari
1737 2687 1805 2721 pu·

446 2742 526 2772 tant
550 2742 727 2782 tanquam
752 2737 907 2770 monem
934 2737 1148 2779 hominem3
1185 2738 1248 2771 sed
1274 2749 1387 2782 quum
1413 2738 1458 2771 dc
1486 2737 1593 2772 Zoilo
1613 2737 1680 2771 illo
1699 2749 1807 2782 pror-

445 2811 505 2833 sus
531 2798 627 2835 nihil
651 2801 809 2838 constet,
851 2809 929 2842 quae
954 2798 1003 2835 eit
1030 2798 1186 2835 alterius
1214 2799 1316 2834 illius
1344 2797 1506 2834 nominis
1536 2798 1657 2840 ratio,
1685 2799 1805 2834 inccr-
