1981 3390
431 196 497 246 32

483 316 558 360 Ex
599 315 681 358 hac
723 316 857 372 igitur
900 324 989 357 tam
1031 314 1174 372 ampla
1217 314 1465 372 disputandi
1497 316 1679 357 materia
1712 329 1818 359 non-

369 394 491 437 nulla
517 395 762 451 decerpturi
791 394 963 435 initium
995 396 1213 450 capiemus
1259 393 1314 436 ab
1345 394 1560 436 eiusmodi
1591 392 1717 446 loco,
1776 396 1822 435 in

457 569 526 601 sat.
552 577 626 606 xv,
654 563 700 598 35
725 576 761 608 p.
786 562 874 606 377)
921 562 1140 600 Iuvenalem
1173 564 1360 600 dicentem
1390 563 1509 599 facita
1558 565 1678 599 odium
1717 565 1826 600 ardet

463 625 578 668 (urit)
609 626 737 658 Ombos
766 628 800 656 et
829 623 1009 667 Tentyra,
1060 629 1098 659 et
1131 626 1179 660 ad
1212 626 1313 660 hunc
1351 625 1614 660 soloecismum
1643 627 1824 661 tuendum

459 686 617 720 advocat
640 684 743 729 Virg.
773 684 911 727 Georg.
938 697 996 726 ιν,
1018 682 1087 719 425
1112 685 1210 727 (Iam
1233 686 1387 729 rapidus
1412 691 1554 720 torrens
1579 687 1741 722 sitientes
1765 687 1825 721 Si-

459 745 538 778 rius
568 744 680 778 Indos
707 742 912 785 Arclebat);
966 747 1031 778 aut
1058 743 1307 778 subtilitatem
1331 745 1644 790 grammaticam,
1694 747 1758 792 qui
1784 746 1824 782 in

459 805 519 839 his
542 805 666 839 verbis
695 806 790 849 (vlt,
817 804 885 838 129
909 817 944 849 p.
972 804 1061 849 274)
1089 806 1142 838 εἰσ
1166 805 1266 839 Pedo
1292 806 1497 846 conturbat,
1529 807 1657 840 Matho
1684 807 1824 850 deficit,

459 867 578 900 exitus
603 866 662 900 hic
687 870 742 900 est
770 865 944 909 Tonguli,
974 877 1047 900 non
1071 866 1176 900 videt
1203 871 1240 901 et
1263 868 1456 901 conturbat
1484 871 1521 902 et
1545 867 1672 911 deficit
1694 868 1827 901 eodem

457 928 569 962 modo
607 928 653 961 ad
688 927 927 972 particulam
960 928 1013 960 sic
1037 927 1175 961 referri
1213 931 1249 962 et
1279 928 1420 962 similes
1456 929 1574 963 exitus
1598 928 1759 962 Pedonis
1789 931 1827 964 et

455 987 647 1023 Mathonis
674 1000 716 1022 ex
746 989 878 1022 eadem
906 998 1019 1022 causa
1046 988 1274 1034 significari,
1321 990 1385 1023 sed
1414 988 1596 1023 Pedonem
1625 989 1718 1022 alios
1743 988 1822 1032 qui-

460 1049 540 1084 dem
570 1049 787 1083 conturbare
813 1047 868 1089 (in
895 1059 967 1094 quo
994 1049 1088 1082 alios
1113 1049 1200 1084 illos
1222 1054 1258 1084 et
1281 1050 1482 1085 locutionis
1510 1050 1724 1084 conturbare
1753 1049 1826 1082 ali-

459 1121 562 1154 quem
585 1109 903 1156 significationem
928 1109 1009 1154 ipse
1034 1110 1172 1153 finxit),
1202 1111 1266 1144 sed
1293 1112 1502 1146 Mathonem
1525 1112 1682 1155 deficere
1709 1110 1827 1144 inter-

458 1165 651 1216 pretatur-3
701 1175 768 1205 aut
792 1170 830 1203 in
856 1172 1154 1215 argumentando
1181 1172 1394 1207 cautionem
1410 1198 1421 1215 ,
1462 1173 1525 1218 qui
1549 1184 1593 1207 ex
1619 1183 1685 1214 eo,
1726 1171 1826 1216 quod

457 1230 531 1265 hoc
555 1233 638 1266 loco
660 1233 792 1267 Matho
820 1232 979 1264 deficere
1001 1231 1160 1273 dicitur,
1217 1233 1416 1267 exhaustus
1440 1232 1699 1268 ostentationis
1724 1243 1827 1265 sum-

458 1291 607 1336 ptibus,
645 1305 679 1337 p.
708 1292 777 1326 136
802 1289 941 1333 efficit,
981 1302 1149 1325 macrum
1176 1292 1315 1334 fuisse,
1364 1305 1432 1326 nec
1459 1291 1679 1327 obesitatem
1704 1289 1827 1326 inflati

459 1352 628 1396 corporis
653 1353 691 1386 in
718 1364 760 1387 eo
787 1352 882 1387 alibi
907 1362 930 1386 a
953 1355 1066 1396 poeta
1089 1352 1213 1386 notari
1237 1352 1422 1398 potuisse3
1471 1356 1537 1388 aut
1566 1364 1694 1387 rerum
1730 1351 1827 1386 anti-

459 1423 622 1456 quarum
647 1413 927 1459 cognitionem,
955 1413 1018 1456 qui
1043 1417 1126 1458 post
1152 1414 1476 1448 Schurtzsseischii
1501 1418 1538 1448 et
1563 1413 1734 1448 Crameri
1758 1413 1825 1447 ad-

459 1472 718 1514 monitionem,
748 1487 795 1508 ne
821 1475 1039 1519 Zicglerum
1065 1485 1355 1508 commemorem
1381 1475 1445 1517 (de
1469 1475 1572 1509 mim.
1600 1476 1760 1509 Roman.
1786 1487 1824 1520 p.

455 1533 522 1578 72)
549 1539 615 1569 aut
640 1535 828 1581 Langium
854 1534 982 1579 (Vind.
1010 1534 1199 1579 Tragoed.
1226 1536 1334 1568 Rom.
1360 1548 1396 1580 p.
1423 1534 1486 1578 12)
1516 1539 1554 1569 et
1581 1535 1698 1577 alios,
1755 1546 1824 1580 pro

461 1594 614 1629 Catullo
625 1596 897 1641 ‘mimographo
921 1607 965 1630 ex
976 1595 1183 1628 Domitiani
1206 1599 1315 1630 aetate
1340 1608 1412 1630 non
1438 1597 1560 1630 solum
1573 1595 1823 1640 Q.Lutatium

469 1655 647 1689 Catulum
673 1658 841 1692 obtrudit
866 1657 931 1702 (ad
953 1668 1045 1698 vn1,
1077 1655 1146 1690 186
1169 1669 1203 1701 p.
1229 1656 1342 1700 295),
1390 1658 1476 1699 sed,
1502 1657 1657 1691 confuso
1682 1655 1823 1690 utrius·

460 1727 533 1760 que
560 1716 736 1758 nomine,
778 1717 823 1760 Q.
848 1716 1043 1761 Lutatium
1069 1717 1284 1759 Catullum,
1332 1717 1414 1763 (qui
1441 1729 1548 1752 error
1574 1717 1697 1752 nescio
1724 1717 1824 1751 uude

460 1781 565 1810 ortus
587 1780 623 1811 et
642 1788 664 1811 a
679 1776 809 1811 multis
832 1782 1062 1822 propagatus
1086 1777 1271 1822 repetitur
1289 1779 1402 1812 etiam
1427 1779 1525 1824 apud
1545 1779 1661 1814 Biihr.
1679 1779 1716 1812 in
1733 1778 1822 1812 hist.

459 1836 519 1872 lit.
545 1838 655 1873 Rom.
683 1851 719 1883 p.
738 1838 806 1871 117
835 1838 890 1872 cd.
923 1837 958 1879 2,
996 1837 1059 1882 qui
1083 1838 1299 1882 Zieglerum
1327 1844 1517 1874 auctorem
1542 1840 1687 1880 laudat,
1710 1839 1826 1884 longe

460 1897 538 1932 alia
563 1899 804 1941 tradentem,)
832 1902 869 1931 et
894 1899 947 1943 (p.
965 1898 1051 1941 208)
1077 1899 1285 1934 salsitatem
1307 1901 1659 1945 apocolocyntoseos
1675 1899 1824 1934 Senecae

457 1959 614 2001 laudat,
640 1960 679 1994 in
705 1970 778 2004 qua
794 1959 984 2007 „ClaudIus
1009 1959 1108 1993 inter
1133 1961 1346 1994 cucurbitas
1372 1962 1584 2004 referatur,
1611 1961 1726 2006 (quod
1757 1960 1827 1994 alii

458 2030 617 2064 quoque,
644 2019 708 2066 qui
734 2020 912 2054 libellum
936 2032 1010 2054 non
1037 2021 1227 2066 legerunt,
1255 2021 1293 2054 in
1319 2032 1361 2056 co
1385 2021 1534 2056 narrari
1558 2023 1825 2067 putant);-aut

461 2079 652 2126 cogitandi
677 2082 872 2123 laborem,
899 2080 962 2126 qui
988 2081 1034 2114 ad
1061 2093 1117 2124 w,
1143 2082 1212 2116 190
1233 2094 1310 2127 sqq.
1341 2083 1394 2127 (p.
1423 2081 1510 2126 229)
1560 2081 1825 2130 ᾼοΙιαίῃῑιίιιηι

457 2142 608 2185 laudat,
661 2143 759 2186 quod
794 2141 831 2176 in
867 2154 902 2175 v.
929 2141 998 2175 195
1026 2142 1284 2186 interrogandi
1308 2143 1454 2186 signum
1475 2147 1562 2186 post
1585 2141 1700 2186 ψυχή,
1752 2156 1822 2187 quo

460 2202 577 2234 oratio
604 2203 795 2241 turbetur,
847 2202 1066 2241 sustulerit,
1109 2207 1145 2237 et
1170 2203 1208 2236 in
1236 2203 1366 2237 eodem
1388 2203 1473 2236 loco
1501 2204 1707 2236 enarrando
1735 2216 1823 2248 pro-

460 2261 562 2296 xima
585 2262 736 2307 pagina,
762 2273 794 2294 v.
812 2261 881 2295 195
905 2261 1202 2306 interrogatione,
1230 2263 1364 2308 inquit,
1389 2263 1557 2296 instituta
1576 2264 1702 2305 facete
1722 2276 1822 2308 prcc-

454 2326 640 2367 parantur
666 2323 878 2366 sequentia5
903 2326 968 2356 aut
993 2323 1242 2368 diligentiam,
1267 2323 1330 2368 qni
1354 2336 1389 2368 p.
1415 2323 1484 2357 296
1512 2324 1578 2366 (ad
1608 2336 1700 2366 vur,
1717 2325 1820 2368 187),

461 2395 576 2428 quum
620 2384 718 2428 apud
760 2383 985 2428 Rupertium
1030 2384 1107 2418 haec
1142 2385 1314 2430 legisset:
1368 2384 1569 2419 Laureolus
1603 2386 1731 2420 mimus
1765 2387 1822 2421 vel

462 2446 621 2480 eiusdem
650 2445 789 2478 Catulli
810 2463 856 2469 —
883 2443 941 2477 vel
959 2445 1086 2488 potius
1113 2446 1234 2479 Νωυὶἰ
1257 2450 1323 2479 aut
1347 2446 1502 2480 Laberii.
1529 2458 1561 2480 v.
1586 2447 1747 2481 macrob.
1776 2460 1823 2491 u,

457 2506 492 2540 7.
546 2506 638 2539 Gell.
669 2518 742 2547 111,
766 2505 800 2540 ὃ.
850 2517 955 2547 vux,
980 2507 1035 2541 13.
1063 2507 1119 2541 14.
1169 2520 1270 2550 xvn,
1298 2508 1380 2549 14.‚
1431 2507 1653 2552 simpliciter
1676 2513 1821 2552 narrat,

462 2571 499 2602 et
522 2567 725 2601 Laberium
753 2570 788 2601 et
814 2566 981 2601 Naevium
1009 2568 1142 2602 mimos
1164 2568 1231 2603 iilo
1260 2568 1410 2603 nomine
1437 2568 1649 2614 scripsisse,
1688 2569 1821 2603 deinde

462 2627 625 2674 quinque
657 2628 744 2663 illos
774 2629 876 2663 locos
916 2640 983 2673 pro
1017 2630 1251 2671 testimonio,
1301 2629 1484 2673 Rupertio
1519 2641 1590 2663 non
1616 2629 1821 2671 nominato,

461 2689 719 2732 transscribit,
768 2702 881 2735 quum
907 2690 954 2724 ab
979 2689 1059 2735 ipso
1083 2691 1266 2736 Rupertio
1293 2690 1434 2723 discere
1462 2689 1662 2734 potuisset,
1702 2690 1818 2724 Naevii

462 2750 639 2786 Laureoli
674 2751 898 2786 mentionem
934 2751 1007 2785 niti
1034 2753 1249 2797 corruptela
1281 2750 1421 2785 dudum
1455 2751 1603 2785 sublata
1627 2749 1701 2785 loci
1728 2751 1820 2786 Gel-

463 2810 570 2856 liani,
619 2812 795 2859 inspeetis
831 2816 958 2850 autem
992 2812 1084 2849 locis
1112 2813 1355 2860 intelligere,
1404 2810 1555 2850 Laberii
1589 2811 1817 2851 Laureolum
