1981 3390
1416 252 1510 298 177

141 361 317 415 bebant,
346 365 438 419 ipse
466 375 616 418 parum
641 364 734 416 opis
759 362 903 404 attulit
929 362 1149 420 multaque
1184 365 1237 406 ab
1268 365 1366 407 aliis
1398 368 1583 412 feliciter

136 442 314 482 inventa
339 441 559 496 praeteriit,
585 441 845 493 pravissimo
865 441 1047 482 consilio
1067 442 1260 483 codicum
1284 456 1458 484 suorum
1480 447 1584 484 scri-

135 518 386 572 ptun-assere
399 524 563 557 tantum
578 517 620 556 in
635 516 825 568 iislocis,
858 517 933 558 ubi
958 520 1048 573 ipse
1065 521 1116 559 iis
1129 518 1344 569 utebatur,
1376 521 1584 562 adnotan-

137 594 214 634 das
229 595 412 646 putavit,
431 595 473 633 in
492 593 669 648 reliquis
686 596 844 644 omisit,
862 609 975 649 szupe
991 598 1119 636 etiam
1135 598 1176 635 in
1193 599 1526 651 suspectissiinis
1540 608 1583 638 et

133 670 484 725 corruptissiniiS‚
514 669 589 711 ubi
614 672 781 711 codices
805 673 897 711 eius
927 686 1011 712 non
1042 675 1312 714 consensisse
1342 688 1436 715 cuin
1467 676 1583 715 edita

133 745 322 787 lectione
353 748 459 787 satis
491 762 549 788 ex
589 748 688 788 aliis
728 748 947 788 codicibus
981 758 1149 790 constet
1171 752 1225 801 1).
1283 750 1433 806 Itaque
1468 753 1581 807 quod

135 831 263 864 antea
294 833 387 864 erat
419 823 673 874 molestum,
711 825 754 865 id
785 839 897 866 nunc
926 828 1056 866 etiam
1087 827 1312 868 molestius
1341 842 1384 867 in
1417 828 1583 884 aliquot

134 899 242 941 locis
275 909 356 951 est,
388 910 485 955 post
518 909 687 941 tantuin»
718 902 911 942 codicum
945 916 1169 942 numerum
1205 917 1340 956 nuper
1372 905 1579 946 collatum

134 985 279 1018 tamen
314 991 393 1017 nos
424 978 520 1031 cogi
561 990 620 1016 ex
663 977 865 1017 tenuibus
911 980 1037 1018 unius
1082 987 1124 1019 et
1164 978 1344 1019 alterius
1384 983 1580 1035 vestigiis

134 1054 187 1094 de
226 1052 426 1094 omnibus
474 1054 663 1093 iudicare
708 1063 781 1094 aut
825 1068 972 1094 rursus
1015 1068 1098 1095 non
1141 1069 1268 1109 posse
1311 1059 1579 1112 suspiciones

135 1145 190 1172 ex
233 1145 320 1171 una
361 1139 403 1171 et
443 1130 580 1170 altera
620 1131 910 1184 discrepantia
951 1140 1066 1172 ortas
1107 1134 1212 1171 satis
1238 1130 1436 1174 ,firmiter
1478 1134 1580 1175 reli-

133 1221 313 1263 quorum
341 1221 553 1248 consensu
580 1207 799 1248 refellere,
857 1207 923 1248 Ac
951 1209 1120 1249 codices
1150 1209 1321 1263 quidem
1348 1224 1433 1250 non
1465 1213 1577 1251 eius-

134 1284 232 1324 dem
262 1285 306 1324 iu
342 1283 541 1324 omuibus
582 1283 849 1324 orationibus
883 1283 1089 1325 bonitatis
1124 1285 1346 1337 adhibuit3
1381 1286 1501 1327 velut
1534 1290 1577 1327 in

133 1361 349 1402 Rosciana
380 1359 678 1400 confirmatum
723 1370 814 1411 est,
867 1361 978 1415 quod
1011 1362 1236 1411 dixeram,
1285 1376 1434 1403 omnes
1469 1365 1578 1414 eius,

133 1439 206 1492 qui
255 1439 300 1478 in
338 1436 614 1477 bibliothecis
659 1437 789 1492 vulgo
834 1437 1121 1488 haberentur,
1170 1439 1339 1479 codices
1381 1449 1576 1480 recentes

131 1528 228 1555 esse
261 1522 304 1555 et
336 1515 512 1567 exiguae
558 1515 828 1554 auctoritatis
862 1529 940 1555 nec
974 1516 1205 1570 quidquam
1244 1530 1402 1569 magno
1447 1531 1577 1571 opere

132 1605 191 1632 ex
220 1592 275 1631 iis
308 1589 468 1631 auxilii
493 1591 753 1644 sperandum
786 1605 881 1631 esse
915 1593 959 1631 in
988 1591 1096 1632 locis
1129 1593 1307 1645 gravius
1340 1591 1577 1634 laboranti-

130 1667 227 1709 bus.
289 1668 374 1710 Sed
406 1675 549 1707 tamen
585 1668 767 1708 duorum
807 1667 982 1709 illorum
1017 1669 1236 1716 codicum,
1287 1670 1360 1722 qui
1394 1671 1577 1711 caeteris

126 1742 260 1800 'paulo
302 1752 532 1799 praestant,
577 1744 715 1784 Paris.
759 1759 852 1800 reg.
897 1759 938 1785 n.
980 1746 1092 1785 6369
1130 1754 1173 1785 et
1214 1747 1339 1796 7777,
1376 1756 1575 1788 accurate

160 1875 196 1918 ¹)
224 1874 406 1918 Exemplo
440 1885 518 1908 esse
547 1877 666 1919 potest
701 1874 737 1907 in
765 1872 870 1907 initio
907 1874 1030 1908 statim
1057 1855 1249 1909 Roscianss
1274 1873 1454 1909 orationis
1483 1886 1513 1908 e.
1541 1875 1576 1915 3,

217 1933 253 1976 8,
280 1933 345 1967 ubi
370 1938 501 1967 contra
523 1934 685 1968 Ernestii
713 1934 965 1968 coniecturam
992 1935 1139 1977 (spoliis
1165 1935 1267 1967 Sexti
1297 1935 1422 1967 Roscii
1445 1946 1486 1967 ex
1510 1935 1579 1967 Ιιοσ

221 1995 354 2027 iudicio
382 2005 449 2038 pro
479 1996 606 2037 spoliis
635 1993 735 2026 Sexti
760 1995 885 2026 Roscii
907 1995 975 2026 Ιιοο
997 1995 1149 2036 iudicio)
1179 1994 1381 2037 disputanS,
1408 2006 1480 2028 nou
1510 1994 1576 2027 ad-

218 2053 384 2093 notavit,
411 2052 508 2096 quod
533 2063 576 2085 ex
604 2053 759 2086 Gruteri
785 2053 1023 2086 adnotatione
1050 2051 1207 2092 scimus,
1235 2052 1379 2086 codices
1404 2053 1578 2086 omittere

223 2123 358 2146 nomen
389 2111 512 2144 Roscii
537 2113 596 2149 (ex
621 2123 691 2155 quo
719 2113 782 2153 fit,
819 2113 916 2156 quod
943 2123 1012 2156 ego
1039 2111 1156 2144 edidi:
1201 2112 1328 2154 spoliis
1358 2124 1400 2145 ex
1427 2112 1495 2145 hoc
1521 2113 1576 2146 iu-

221 2172 347 2214 dicio).
410 2171 451 2204 C.
474 2171 542 2211 40,
577 2170 646 2204 118
672 2171 768 2205 nihil
800 2172 890 2205 dicit
922 2173 968 2205 «le
994 2182 1111 2216 prava
1135 2171 1295 2205 lectione
1321 2184 1344 2205 a
1365 2172 1578 2216 gladiatore

220 2231 426 2269 recessisse,
452 2241 518 2274 pro
547 2241 620 2274 qua
643 2232 777 2265 scimus
804 2233 867 2276 (ex
893 2232 1013 2272 Pau,
1039 2232 1093 2265 St.
1122 2231 1231 2273 Vict„
1255 2232 1346 2267 Oxx.
1376 2231 1578 2274 omnibus),

221 2291 259 2325 in
296 2291 468 2325 omnibus
505 2291 693 2325 codicibus
722 2303 801 2325 esse
838 2304 861 2325 α
894 2292 1106 2336 gladiatore
1140 2291 1289 2324 cessisse
1325 2293 1388 2335 (ex
1422 2303 1495 2335 quo
1524 2292 1579 2332 fit,

213 2356 255 2386 ut
280 2351 399 2392 edidi,
426 2363 449 2384 α
470 2351 600 2395 gladio
625 2352 846 2394 recessisse).
905 2352 947 2384 In
974 2362 1049 2385 una
1080 2351 1244 2385 sectione
1271 2355 1363 2385 orat·
1392 2351 1468 2385 lin
1497 2352 1576 2385 Cat.

220 2410 256 2452 8,
273 2410 318 2445 19
333 2416 408 2446 tres
426 2411 637 2446 verissimas
653 2411 858 2456 scripturas
881 2412 1030 2446 omnino
1048 2423 1121 2445 non
1139 2411 1457 2454 commemoravit,
1484 2412 1581 2456 quod

223 2482 292 2516 pro
329 2471 416 2514 quid
451 2473 546 2515 quod
583 2473 723 2516 (altero
757 2473 884 2515 loeo),
913 2477 950 2506 et
988 2473 1036 2506 ad
1066 2473 1130 2507 Μ’.
1161 2472 1337 2515 Lepidum
1371 2484 1438 2517 pro
1479 2472 1581 2516 apud

225 2531 291 2565 Μ’.
311 2531 487 2575 Lepidum
508 2536 544 2566 et
567 2533 604 2566 id
627 2533 794 2576 responsi
811 2544 876 2577 pro
902 2533 939 2565 id
958 2544 1181 2577 responsum,
1203 2544 1246 2566 ex
1264 2533 1397 2577 quibus
1417 2532 1579 2577 primam

219 2595 257 2626 et
283 2592 434 2626 tertiam
469 2597 570 2627 certe
614 2593 652 2626 in
695 2593 770 2627 suis
808 2592 996 2628 codicibus
1032 2593 1198 2634 ins-enin
1242 2603 1330 2627 nam
1363 2593 1524 2625 alteram
1559 2602 1579 2623 e

220 2652 554 2696 grammaticorum
582 2653 689 2687 libris
722 2652 948 2698 deprompsi.
1008 2653 1169 2687 Summae
1208 2656 1245 2687 et
1282 2664 1325 2687 ex
1354 2662 1490 2696 magno
1517 2661 1579 2684 co·

222 2711 348 2746 dicum
382 2724 537 2747 numero
572 2718 666 2748 notae
697 2713 975 2757 discrepantiae,
1014 2723 1088 2757 qua
1120 2714 1257 2747 lacuna
1289 2710 1581 2757 deprehenditur

220 2782 289 2816 pro
317 2772 399 2806 Mil.
436 2771 496 2813 37,
524 2771 615 2813 1⁰2,
651 2783 698 2806 ne
730 2773 846 2809 verbo
883 2772 1033 2817 quidem
1071 2773 1255 2809 meminit.
1318 2770 1470 2807 Infinita
1495 2774 1582 2806 eunt

179 2861 185 2868 ,
228 2830 391 2866 eiusdem
417 2832 565 2876 generis
591 2831 677 2867 alia.

1277 2901 1321 2935 12
