1981 3390
1505 215 1572 262 85

179 347 435 392 quemquam
475 333 692 377 reddendo
741 344 851 389 equo
882 344 941 372 cx
978 332 1172 372 centuria
1203 333 1395 386 equitum
1428 335 1470 372 in
1502 334 1633 375 uliam

178 416 376 456 transire.
437 414 688 469 Antiquitus
720 419 930 468 quatenus
961 410 1163 466 suffragii
1189 408 1443 451 condicione
1466 412 1633 466 equites

177 495 326 548 primoe
358 491 511 533 classis
545 492 750 533 centuriis
788 490 1091 546 praestiterint,
1153 489 1198 528 in
1240 496 1361 530 tanta
1399 488 1528 529 huius
1572 491 1632 529 rei

178 560 442 631 obscur-itate
470 583 557 612 non
591 578 785 619 constat3
840 570 884 608 in
911 569 1152 609 recentiore
1185 576 1330 608 autem
1362 568 1634 608 comitiorum

178 651 516 690 centuriatorum
549 649 715 700 forma,
777 647 830 689 ad
863 645 1119 704 popularem
1150 647 1363 689 rationem
1395 646 1536 702 magis
1567 659 1636 687 ac-

179 728 449 771 commodata
467 731 535 780 ¹),
560 729 640 768 vix
677 728 825 783 magni
859 726 940 767 hoc
972 727 1179 767 momenti
1212 725 1308 766 fuit.

300 806 412 849 Dixi
444 808 595 856 initio,
627 804 917 847 Niebuhrium
950 814 1152 855 secutus,
1192 803 1303 845 hanc
1336 803 1635 852 mutationem,

185 899 315 942 quam
348 886 495 940 Scipio
530 883 689 925 multos
723 897 880 937 cupere
910 883 997 933 ait,
1030 890 1182 938 postea
1206 882 1380 922 factam.
1437 881 1545 922 Eius
1570 883 1636 921 rei

181 964 332 1004 videor
364 962 470 1003 mihi
498 962 604 1003 satis
633 970 829 1016 apertum
860 961 1158 1001 testimonium
1191 961 1431 1015 reperisse,
1493 957 1637 999 locum

178 1039 303 1082 illum
334 1039 389 1089 Q.
421 1038 660 1090 Ciceronis,
695 1053 822 1095 quem
856 1053 987 1095 supra
1017 1041 1161 1095 posui,
1199 1051 1259 1079 ex
1291 1051 1374 1094 quo
1408 1050 1513 1078 sane
1545 1045 1636 1077 tum

177 1120 220 1159 in
268 1119 476 1160 centuriis
513 1119 707 1173 equitum
761 1126 986 1159 senatores
1037 1132 1124 1158 non
1171 1117 1308 1159 fuisse
1360 1117 1637 1172 perspicuum

181 1205 271 1247 est3
314 1211 394 1238 nec
421 1198 484 1237 ita
514 1197 559 1236 in
590 1194 778 1251 epistola
810 1197 863 1238 ad
896 1196 952 1238 D.
984 1195 1168 1237 Brutum
1197 1195 1270 1252 (ad
1298 1195 1420 1237 Fam.
1446 1192 1533 1244 XI,
1565 1192 1636 1247 16)

180 1289 255 1316 eas
285 1274 348 1316 M.
378 1274 533 1316 Cicero
568 1282 974 1325 commemorasset,
1005 1283 1052 1315 ut
1081 1275 1207 1324 fecit,
1240 1275 1278 1314 si
1308 1272 1436 1314 aliter
1467 1272 1636 1313 fuisset.

180 1354 267 1396 Sed
297 1354 381 1394 duo
425 1353 641 1395 clarorum
685 1352 910 1394 hominum
955 1352 1161 1409 exempla
1202 1352 1362 1407 opponi
1403 1350 1504 1391 huic
1542 1363 1639 1392 sen-

178 1433 325 1472 tentiae
359 1432 558 1472 videntur
591 1445 732 1486 posse.
793 1430 842 1472 C.
874 1430 1132 1481 Gracchum,
1166 1444 1297 1485 quum
1331 1443 1390 1470 ex
1423 1428 1639 1478 Sardinia,

177 1510 220 1550 in
257 1523 340 1565 qua
369 1523 447 1565 pro
483 1518 696 1565 quaestore
730 1509 898 1560 fuerat,
944 1508 1152 1559 redisset,
1186 1508 1300 1564 apud
1335 1520 1536 1547 censores
1570 1520 1638 1546 ac-

176 1597 373 1630 cusatum
425 1602 521 1630 esse
567 1586 828 1629 Plutarchus
882 1587 986 1629 dicit
1039 1595 1082 1629 et
1137 1600 1183 1627 se
1237 1586 1434 1626 oratione
1492 1584 1638 1626 defen-

179 1667 363 1719 disse2).
434 1665 482 1708 Id
514 1665 610 1707 fieri
641 1669 718 1708 vix
750 1667 892 1722 potuit
921 1667 1006 1707 nisi
1040 1667 1085 1706 in
1117 1666 1310 1721 equitum
1342 1665 1640 1720 recognitione

182 1753 224 1786 ct
257 1746 596 1795 transvectione,
626 1747 667 1786 in
702 1760 785 1800 qua
812 1746 1064 1793 notissimus
1087 1752 1152 1785 est
1182 1743 1252 1784 hic
1276 1742 1508 1785 accusandi
1536 1756 1642 1782 mos.

183 1822 406 1864 Gracchus
437 1825 600 1879 itaque,
635 1838 766 1880 quum
803 1838 841 1865 a.
868 1825 952 1864 628
983 1831 1174 1879 quaestor
1198 1823 1338 1867 factus
1366 1823 1412 1863 in
1443 1830 1641 1862 senatum

182 1903 393 1954 venisset,
427 1917 465 1943 a.
494 1903 578 1943 630
613 1916 771 1957 equum
805 1902 1028 1957 publicum
1055 1900 1220 1942 habuit.
1295 1900 1391 1942 Vix
1426 1912 1534 1953 opus
1575 1906 1640 1938 est

180 1987 357 2034 propter
400 1979 510 2020 hanc
554 1993 727 2020 causam
771 1987 870 2034 post
908 1979 1022 2020 hunc
1065 1992 1225 2018 annum
1268 1977 1428 2017 factum
1471 1985 1640 2031 putare,

185 2057 298 2111 quod
330 2057 519 2111 quinque
553 2064 652 2096 ante
696 2057 819 2096 annis
863 2056 1011 2111 Scipio
1056 2054 1367 2096 Ciceronianus
1405 2054 1551 2109 parari
1583 2054 1639 2093 si-

182 2133 374 2189 gnificat.
465 2133 571 2175 Veri
616 2136 730 2175 enim
761 2133 906 2174 simile
942 2134 1136 2183 videtur,
1195 2140 1441 2172 senatorem
1477 2132 1636 2172 factum

180 2212 293 2267 apud
327 2225 403 2252 eos
436 2225 664 2261 censores,
699 2213 771 2266 qui
804 2213 932 2267 primi
961 2212 1164 2266 deinceps
1198 2218 1472 2261 crearentur,
1502 2218 1639 2250 trans-

182 2298 352 2331 vectum
399 2303 494 2331 esse
536 2299 576 2330 ct
619 2303 776 2344 equum
808 2289 1048 2330 reddidisse
1091 2297 1166 2330 aut
1190 2287 1346 2330 saltem
1375 2289 1428 2330 ad
1460 2288 1504 2329 id
1535 2296 1639 2329 tem-

183 2381 263 2424 pus
293 2382 451 2424 equum
481 2369 670 2410 retinere
699 2368 909 2424 potuisse.
973 2366 1140 2410 Similis
1165 2367 1257 2410 fere
1287 2382 1355 2410 res
1391 2375 1458 2409 est
1486 2368 1530 2409 in
1561 2365 1639 2408 Cn.

207 2539 245 2580 ²)
271 2535 532 2582 μεταβέβληται
561 2532 610 2571 εἷς
634 2536 674 2573 τὸ
701 2534 995 2584 δημοτικώτερον.
1041 2537 1150 2573 Dion.
1179 2537 1307 2573 Halic.
1337 2538 1400 2576 1v,
1426 2536 1483 2570 21.

205 2602 244 2642 2)
273 2599 376 2635 Plut.
410 2598 570 2633 Gracch.
596 2597 631 2633 2.
684 2599 808 2634 Huius
833 2599 1036 2642 orationis,
1073 2611 1152 2645 quae
1177 2611 1199 2634 a
1227 2600 1408 2634 Ciccronc
1434 2597 1557 2642 (Orat.
1582 2599 1637 2634 7⁰,

271 2658 359 2702 233)
390 2663 426 2694 et
451 2670 472 2694 a
489 2659 659 2695 Chai-isio
687 2661 788 2705 apud
808 2673 972 2696 censores
997 2662 1227 2707 appellatur,
1254 2663 1383 2696 cadem
1407 2658 1534 2698 verba,
1561 2669 1638 2701 qna:

272 2720 499 2756 Plutarchus
528 2721 678 2756 Graece.
707 2722 855 2758 Gellius
880 2725 959 2765 XV,
987 2723 1010 2758 2
1034 2722 1166 2758 Latine
1192 2722 1337 2768 posuit,
1376 2719 1546 2765 pluribus
1572 2719 1637 2752 61¹¹-

273 2781 389 2816 fectis.
464 2781 518 2816 Ilii
547 2783 596 2816 ud
617 2783 793 2827 populum
822 2785 857 2818 ιή
889 2785 1055 2818 concione
1081 2785 1211 2819 habita
1242 2784 1388 2818 dicitur.
1461 2781 1639 2814 Censores

276 2842 493 2878 concionem
525 2844 758 2880 admeabunt
786 2849 819 2880 ct
848 2846 937 2881 darc
964 2849 1148 2891 pou-rant.
