1981 3390
1462 259 1560 310 319

178 378 391 431 scriptura
442 377 528 416 situ
580 384 622 415 et
672 382 887 415 vetustate
935 375 1121 416 evanida
1174 375 1263 429 legi
1307 389 1390 417 non
1443 388 1625 433 poterat,

174 452 303 494 facile
336 451 616 505 intelligitur,
663 464 758 491 eam
796 449 941 492 labem
982 453 1112 492 etiam
1150 453 1202 493 ad
1245 456 1447 508 proxima
1491 459 1624 510 perti-

173 544 277 571 nere
309 530 516 584 potuisse.
582 527 638 568 Et
679 536 778 584 sunt
817 528 857 568 in
903 530 957 570 iis
992 529 1213 581 versibus,
1256 532 1328 586 qui
1369 541 1624 587 sequuntur,

171 606 296 662 plura
329 613 528 659 corrupta
561 606 649 655 (At
677 606 848 659 quidam
883 613 1034 648 contra
1072 605 1159 647 lucc
1205 612 1374 662 ignari,
1421 614 1628 651 materiai

206 683 389 724 'almam
422 695 507 722 nou
544 696 672 735 porse
714 683 836 724 {lenm
876 688 970 725 sine
1009 689 1182 725 numine
1212 687 1341 726 reddi
1382 687 1624 741 'I'aulopere

170 760 367 801 humanis
397 760 639 800 rationibus
669 761 993 814 mlmoderale),·
1028 776 1125 802 nam
1151 777 1288 817 noque
1305 766 1482 805 omissio
1499 764 1623 806 verbi

171 837 307 888 finiti,
340 838 452 892 quod
484 846 549 878 est
577 838 750 887 dicunt,
793 847 866 879 aut
894 839 1049 879 similis
1083 839 1266 880 alicuius
1301 843 1343 881 in
1375 841 1624 882 huiusmodi

170 917 386 956 sententia
418 915 590 956 defendi
625 913 714 956 ullo
747 916 873 955 modo
907 925 1074 970 potest,
1123 930 1202 956 nec
1245 926 1398 957 natura
1431 918 1624 960 redditur

169 992 471 1041 «moderate,
505 992 578 1032 sed
612 991 920 1038 admoderula;
951 993 1097 1047 itaque
1132 1000 1177 1032 ut
1205 992 1351 1034 audax
1379 1003 1444 1034 est
1471 1009 1622 1037 eorum

167 1071 304 1120 ratio,
337 1070 409 1123 qui
439 1074 592 1108 remur
624 1081 701 1122 pro
733 1067 865 1108 reddo·
891 1067 1065 1123 legunt,
1107 1069 1167 1109 ita
1207 1084 1356 1111 eorum
1387 1086 1522 1126 prava
1551 1087 1623 1113 su-

164 1147 389 1201 perstitio,
430 1147 503 1200 qui
544 1158 650 1186 sana
686 1144 776 1185 haec
820 1153 986 1199 putant.
1068 1145 1264 1197 Deinde,
1322 1157 1366 1188 ut
1406 1151 1619 1201 omittam,

166 1223 356 1264 dubitari
388 1236 516 1278 posse
551 1223 603 1263 de
640 1224 942 1263 coniunctione
977 1223 1088 1263 initii
1123 1238 1273 1265 versus
1307 1227 1384 1266 171
1417 1235 1459 1266 et
1492 1241 1622 1281 supe-

164 1301 352 1351 riorum,
400 1309 442 1340 et
482 1301 527 1340 in
577 1314 704 1340 versu
740 1301 820 1340 173
857 1301 1191 1341 incertissimum
1234 1316 1331 1342 esse
1364 1303 1620 1347 adverbium

166 1377 248 1418 hoc
280 1392 364 1418 uno
398 1376 495 1418 loco
527 1376 684 1418 lectum
713 1377 954 1427 mundium,
990 1378 1100 1432 quod
1133 1379 1326 1420 codicum
1359 1383 1621 1436 optimorum

165 1464 376 1510 corruptae
410 1456 634 1510 scriptura!
667 1454 891 1495 blanditur
922 1464 1271 1510 supposuerunt,
1312 1472 1440 1512 quum
1474 1467 1620 1501 tamen

162 1546 248 1572 non
271 1531 428 1572 blande
451 1530 657 1572 mortales
684 1531 801 1571 secla
827 1541 1084 1587 propagent,
1116 1534 1191 1574 sed
1219 1533 1440 1576 blanditiis
1467 1535 1619 1586 illecti,

161 1609 274 1664 quod
301 1607 380 1649 illo
413 1607 628 1649 vocabulo
662 1621 747 1648 non
782 1611 1070 1663 exprimitur,
1097 1631 1150 1639 -
1182 1611 1256 1651 sed
1292 1620 1337 1651 ut
1370 1611 1460 1653 baec
1492 1616 1620 1655 omit-

161 1695 275 1736 tam,
315 1700 469 1727 versus
507 1688 586 1726 181
628 1699 740 1725 unns
775 1694 841 1725 est
880 1700 939 1726 ex
972 1687 1050 1737 iis,
1093 1701 1274 1743 quornm
1308 1688 1483 1744 plurimi
1519 1701 1621 1733 sunt

159 1765 205 1803 in
235 1763 428 1804 Lucretii
458 1762 597 1814 libris,
628 1762 704 1803 ubi
734 1763 902 1803 codices
933 1765 1208 1817 integriores,
1244 1767 1286 1806 id
1315 1776 1395 1818 est,
1427 1777 1474 1808 ut
1507 1770 1618 1821 dixi,

162 1840 414 1896 apographa
447 1841 624 1895 antiqua
654 1841 784 1894 primi
814 1839 934 1880 illius
963 1843 1202 1883 communis
1236 1844 1410 1895 codicis,
1443 1856 1619 1901 propter

161 1918 390 1958 evanidam
433 1919 526 1958 sine
568 1917 699 1958 dubio
735 1918 828 1958 eius
868 1919 1127 1972 scripturam
1166 1920 1301 1961 verba
1346 1923 1539 1975 quaedam
1574 1933 1619 1964 et

160 1993 350 2048 syllabas
363 1996 617 2045 omiserunt,
632 2008 760 2036 versu
782 1995 920 2036 fracto
936 2008 1022 2035 non
1040 1997 1182 2036 minus
1196 2011 1322 2051 quam
1337 2002 1618 2055 sentential).

189 2242 225 2283 ¹)
250 2240 477 2275 Huiusmodi
510 2244 587 2283 est,
620 2244 661 2276 ut
696 2251 812 2275 unum
849 2251 892 2275 ex
922 2239 1053 2277 multis
1089 2242 1270 2288 afferam,
1303 2244 1394 2279 libri
1431 2245 1544 2291 primi
1579 2259 1612 2283 v.

253 2300 368 2343 1032,
394 2301 430 2335 in
459 2303 562 2336 codd.
587 2302 639 2337 sic
665 2302 846 2347 scriptus:

510 2353 599 2395 solis
626 2366 726 2396 terra
753 2373 895 2408 vapore

334 2422 430 2456 Fotn
464 2426 577 2456 novet
602 2422 724 2462 fctus,
761 2433 982 2468 summaque
1009 2423 1059 2466 (v,
1094 2434 1241 2459 summa
1277 2426 1370 2469 qun)
1405 2437 1498 2472 gene
1532 2429 1614 2463 nni-

1332 2492 1513 2521 mantum.

246 2541 451 2576 Substituit
474 2541 597 2576 nescio
625 2543 705 2588 quis
731 2543 851 2578 editor
875 2546 1134 2590 summissaque
1158 2556 1251 2590 gens
1275 2546 1520 2587 animantum5
1546 2558 1613 2580 nu-

247 2603 397 2643 dactcr3
425 2603 505 2647 quis
534 2603 632 2637 enim
662 2605 804 2649 neget?
853 2606 924 2640 Sed
946 2605 1215 2642 Wakefieldius
1240 2607 1493 2641 ''modestius''
1518 2608 1610 2640 scri-

249 2661 320 2705 psit
343 2666 482 2695 ειιηιηιιὶ
507 2675 665 2708 quoquc,
702 2665 775 2699 hac
812 2668 983 2712 apposita
1020 2667 1331 2711 interpretatione
1359 2667 1435 2701 ''ita
1466 2668 1611 2707 floreat,

245 2727 286 2755 ut
311 2733 457 2756 summa
487 2723 566 2758 cius
595 2726 772 2760 consistat
799 2726 878 2761 sine
903 2727 1058 2763 interitu
1084 2732 1175 2772 toto,
1200 2729 1236 2765 id
1263 2730 1359 2776 quod
1385 2728 1499 2763 aliter
1525 2738 1611 2760 cic-

248 2782 383 2817 niret.'’
440 2783 523 2818 1100
553 2789 608 2820 cst
632 2790 771 2821 summa*
789 2788 956 2830 florere!
