1981 3390
434 187 503 234 78

371 306 584 361 suffragia
616 306 778 360 optima
809 305 1074 355 condicione,
1102 306 1302 360 primum,
1335 307 1414 347 etsi
1446 306 1497 346 de
1532 319 1663 362 censu
1691 320 1814 348 sena-

370 385 480 424 torio
514 384 802 437 antiquissimi
835 384 1042 437 temporis
1079 382 1188 423 nihil
1230 383 1436 435 traditur,
1478 397 1818 425 commemoran-

370 470 523 516 turque
555 459 761 514 exempla
793 473 1030 513 pauperum
1067 468 1316 501 senatorum
1352 461 1469 517 (Liv.
1510 461 1578 512 II,
1617 463 1684 502 16.
1714 462 1818 512 33.),

371 538 561 579 dubitari
588 547 731 578 tamen
770 550 855 576 non
883 544 1052 599 potest,
1082 539 1185 592 quin
1215 547 1290 578 aut
1323 537 1376 579 ab
1406 540 1530 581 initio
1567 548 1641 580 aut
1672 539 1818 579 admo·

372 616 473 656 dum
505 623 671 655 mature
714 627 868 653 census
904 615 1096 668 equestri
1131 615 1270 673 major
1311 619 1503 658 senatori
1546 618 1818 673 praestitutus

463 794 628 834 tendere,
654 798 696 827 ut
715 792 828 827 aliam
841 792 1029 828 rationem
1043 793 1270 839 cogitatione
1292 796 1558 840 comprehendi
1575 807 1682 841 posse
1694 801 1819 842 neget.

465 856 536 889 Sed
554 854 728 888 hocmihi
743 855 830 897 (etsi
845 855 1000 888 difficile
1018 860 1072 890 est
1090 857 1135 889 de
1152 856 1225 890 hac
1240 867 1282 889 re
1296 866 1318 890 a
1331 857 1485 901 reliquis
1501 856 1678 890 institutis
1697 857 1821 890 seiun—

464 922 523 950 cta
549 915 756 959 disputare)
779 916 890 959 plane
918 917 1139 961 sumpsisse,
1166 929 1239 964 non
1266 918 1467 962 probasse,
1493 922 1528 950 et
1548 918 1600 950 ita
1611 916 1822 961 sumpsisse,

465 981 506 1011 ut
531 987 552 1010 a
577 975 656 1009 veri
686 975 930 1009 similitudine
954 977 1115 1010 multum
1143 978 1327 1018 discedat,
1353 977 1513 1011 videtur.
1583 979 1678 1011 Nam
1704 989 1824 1022 neque

466 1047 617 1071 causam
644 1036 680 1069 iu
709 1047 750 1068 re
779 1035 938 1080 positam
963 1038 1123 1072 ostendit
1152 1049 1271 1083 neque
1305 1038 1517 1072 testimonia
1549 1049 1669 1082 neque
1698 1038 1820 1071 ullum

468 1098 670 1142 vestigium
688 1096 766 1129 eius
783 1097 838 1130 rei
859 1102 988 1142 postea
1012 1104 1174 1133 mutatae.
1221 1099 1319 1133 Mihi
1341 1100 1490 1144 quidem
1516 1104 1552 1132 et
1580 1110 1601 1133 a
1631 1103 1708 1132 toto
1736 1110 1823 1132 con-

465 1159 549 1194 silio
573 1158 830 1202 descriptionis
855 1158 957 1192 illius
981 1159 1153 1193 militaris
1181 1161 1387 1193 abhorrere
1402 1161 1472 1193 hoc
1499 1159 1658 1200 videtur,
1684 1157 1826 1192 militia:

467 1220 593 1253 locum
619 1223 654 1251 et
688 1217 838 1250 civilem
872 1219 919 1251 ad
947 1219 1146 1254 facultates
1171 1221 1405 1265 singulorum
1432 1219 1759 1260 accommodamus,
1786 1224 1821 1252 et

469 1291 492 1314 a
522 1278 577 1312 rei
603 1278 761 1322 publicae
791 1279 899 1311 Rom.
927 1278 1098 1324 ingenio,
1133 1280 1170 1313 iu
1200 1291 1272 1325 qua
1298 1279 1436 1313 ordinis
1462 1285 1497 1313 et
1522 1278 1714 1324 dignitatis
1742 1277 1825 1312 iure

471 1339 674 1374 coniunctae
698 1338 929 1372 hereditaria
954 1341 1178 1385 propagatio
1204 1342 1312 1374 nulla
1337 1351 1514 1384 umquam
1540 1339 1624 1372 fuit.
1697 1339 1823 1372 Patri—

469 1401 614 1434 ciorum
631 1399 729 1433 enim
751 1411 870 1445 genus
890 1406 983 1440 erat,
1001 1407 1042 1434 ut.
1059 1401 1308 1445 plebeiorum,
1329 1413 1400 1434 non
1420 1401 1535 1441 ordo;
1562 1400 1750 1434 nobilitas·
1767 1399 1825 1433 in-

467 1461 616 1496 ferioris
641 1460 758 1494 aetatis
783 1460 866 1493 iure
894 1461 1042 1495 civilia
1068 1462 1199 1495 ceteris
1227 1474 1299 1495 non
1327 1462 1497 1495 discreta.
1549 1462 1647 1494 Illud
1677 1473 1825 1506 quoque

466 1522 749 1562 animadverto,
791 1532 862 1554 nou
888 1520 1073 1567 intelligi,
1108 1522 1171 1566 qui
1198 1522 1362 1566 potuerit
1397 1521 1435 1555 iu
1472 1521 1541 1555 tali
1578 1533 1619 1555 re
1656 1522 1823 1566 publica,

471 1583 620 1628 qualem
656 1583 724 1615 sub
759 1582 912 1626 regibus
940 1582 1054 1615 fuisse
1084 1582 1161 1626 ipse
1189 1583 1247 1616 vir
1282 1583 1549 1617 celeberrimus
1589 1586 1717 1627 putat,
1751 1593 1824 1615 non

470 1643 628 1677 describi
656 1643 837 1687 populus,
875 1643 939 1675 sed
971 1653 1057 1687 pars
1093 1643 1221 1687 aliqua
1245 1644 1355 1689 seligi
1391 1651 1427 1677 et
1452 1644 1497 1677 ad
1525 1648 1745 1688 perpetuam
1770 1643 1826 1676 di—

470 1705 624 1750 gnitatis
641 1703 909 1747 possessionem
930 1703 1069 1737 vocari.
1121 1705 1203 1748 Ipse
1218 1716 1307 1738 sane
1333 1707 1378 1738 de
1404 1705 1651 1750 patriciorum
1678 1704 1825 1750 origine

471 1767 620 1800 fabulas
649 1765 830 1798 eiusmodi
865 1752 1004 1798 dudum
1034 1765 1186 1810 expulit.
1253 1767 1360 1810 Quod
1396 1769 1521 1799 autem
1557 1765 1708 1810 Polybii
1741 1766 1825 1799 loco

467 1827 586 1873 utitur
599 1826 659 1865 w,
688 1824 745 1860 2⁰.
776 1836 848 1859 non
865 1830 985 1870 potest
1002 1825 1046 1859 iis
1066 1825 1190 1859 verbis
1209 1823 1439 1870 (πλουτίνδην
1461 1822 1577 1861 αι’τιὸν
1596 1828 1826 1872 γεγενημένης

470 1885 536 1922 ι’·πὸ
556 1886 617 1922 τοῦ
635 1882 785 1930 τιμητοῦ
808 1885 867 1930 τῆς
889 1884 1044 1932 ἐκλογῆς)
1071 1886 1301 1932 significari,
1334 1887 1523 1926 instituto,
1560 1891 1601 1919 ut
1629 1887 1825 1930 descriptio

473 1961 496 1981 a
521 1959 666 1980 censore
693 1958 799 1978 censu
817 1948 905 1988 fiat,
933 1949 997 1980 scd
1026 1953 1193 1989 tantum,
1216 1949 1326 1989 facta
1351 1959 1373 1980 a
1400 1958 1545 1980 censore
1573 1948 1825 1991 descr‘ptione.

474 2009 689 2043 Perfectum
723 2008 882 2052 scriptor
922 2008 1068 2052 posuit,
1104 2013 1145 2042 ut
1179 2020 1251 2042 non
1285 2008 1485 2053 repetitam
1514 2014 1550 2041 et
1587 2009 1631 2042 ad
1660 2009 1828 2053 singulos

472 2071 636 2103 delectus
678 2070 996 2103 accommodatam
1043 2069 1330 2114 descriptionem
1376 2069 1540 2114 equitum
1586 2068 1828 2114 significaret,

472 2132 535 2166 sed
559 2134 780 2175 perpetuum
807 2130 912 2174 quasi
939 2128 1156 2174 κατάλογον,
1194 2141 1236 2163 ex
1262 2142 1332 2174 quo
1360 2131 1405 2163 ad
1431 2130 1597 2174 singulas
1623 2130 1828 2174 expeditio-

475 2202 539 2225 nes
566 2191 707 2234 equites
732 2191 989 2235 deligerentur
1016 2193 1215 2237 (γεγένηται
1239 2189 1276 2225 δὲ
1300 2187 1367 2234 ἤδη
1389 2188 1600 2234 πλουτίνδην
1623 2186 1644 2233 ἡ
1670 2188 1824 2236 ἐκλογή).

472 2253 548 2287 Nec
566 2251 760 2295 Polybius,
783 2251 814 2284 si
833 2251 1019 2286 diversam
1042 2251 1231 2295 deligendi
1245 2262 1416 2284 normam
1441 2251 1699 2296 significasset,
1725 2251 1827 2295 prio-

477 2325 556 2348 rem
593 2311 794 2353 omisisset,
835 2322 949 2356 quum
986 2311 1187 2355 superioris
1213 2311 1328 2345 aetatis
1355 2312 1542 2346 diversum
1571 2311 1737 2344 delectus
1765 2323 1826 2346 or-

474 2375 599 2409 dinem
623 2376 782 2408 notaret.
850 2373 1011 2414 Eorum,
1047 2371 1109 2417 qui
1144 2384 1294 2406 censum
1327 2373 1532 2414 haberent,
1566 2372 1601 2405 in
1636 2383 1730 2417 «equo
1758 2372 1828 2406 tri-

472 2437 619 2470 buendo
650 2433 839 2478 dignitatis
863 2434 1050 2467 delectum
1076 2433 1273 2473 habitum,
1302 2434 1413 2478 plane
1439 2435 1650 2475 consentio,
1690 2444 1825 2479 propa-

476 2502 680 2543 gatumque
716 2496 761 2528 ad
796 2495 916 2528 filium
944 2506 985 2528 ex
1016 2506 1080 2535 eo,
1116 2495 1211 2539 quod
1238 2500 1344 2539 pater
1370 2507 1463 2540 equo
1490 2496 1640 2540 publico
1668 2495 1827 2528 meruis-

475 2563 552 2598 set,
581 2555 788 2600 splendoris
817 2555 980 2599 aliquid,
1006 2561 1148 2589 certum
1177 2560 1242 2589 est.
1299 2556 1353 2589 De
1382 2556 1554 2589 universo
1583 2555 1826 2600 patriciorum

478 2629 631 2652 numero
657 2616 819 2660 equestri
849 2616 969 2650 ordini
1000 2617 1243 2650 adnumerato
1279 2622 1316 2650 et
1349 2617 1387 2650 in
1417 2628 1478 2651 sex
1508 2616 1701 2661 suffragiis
1724 2627 1827 2650 coma

476 2679 659 2724 prehenso
684 2677 823 2712 similia
848 2677 919 2711 dici
947 2682 1111 2721 possunt.
1160 2678 1256 2712 Nam
1282 2682 1319 2711 et
1343 2677 1451 2711 nimis
1476 2688 1633 2721 magnus
1659 2676 1827 2721 equitum

478 2741 520 2775 nt
546 2750 722 2774 numerus
748 2740 900 2784 (loquor
937 2739 981 2772 dc
1007 2738 1174 2783 patriciis
1211 2738 1383 2773 Serviani
1421 2738 1618 2783 temporis)
1655 2744 1690 2772 et
1716 2738 1825 2773 nimis

479 2801 613 2848 exigua
641 2800 696 2836 vis
721 2800 965 2846 patriciorum
992 2799 1029 2834 in
1056 2800 1243 2834 comitiana
1267 2799 1419 2834 maximo
1445 2798 1575 2844 populi
1600 2799 1771 2836 Romani.
