1981 3390
421 189 488 238 24

359 309 462 352 nolo
491 309 650 366 longus
676 320 786 350 esse.
843 307 902 352 Ut
930 309 1044 350 enim
1074 307 1336 364 complectar
1365 309 1536 360 omnia,
1563 310 1692 350 homo
1725 323 1811 350 non

361 388 585 438 indoctus,
619 387 771 439 (talem
799 388 915 429 enim
945 388 1039 442 ipsa
1072 387 1237 429 fraudis
1270 388 1381 428 ratio
1422 388 1592 443 arguit,
1622 386 1811 442 lectique

363 480 468 508 sane
512 467 642 522 graeci
684 469 867 520 poetae,)
912 479 1043 520 quum
1088 466 1182 505 sive
1216 466 1350 506 animi
1387 479 1518 506 causa
1548 469 1667 518 (nam
1700 478 1814 520 quae·

363 544 463 586 dam
482 543 695 586 eiusmodi
719 552 834 593 sunt,
866 542 986 584 velut
1011 542 1121 583 illud
1143 543 1195 584 de
1217 543 1411 594 Phaone,
1442 552 1490 584 ut
1514 543 1671 585 lusisse
1695 541 1814 583 vide-

365 630 462 665 atur
475 625 507 673 ,)
547 623 641 662 sive
674 633 928 674 quacunque
960 619 1045 659 alia
1079 621 1131 660 de
1162 635 1294 662 causa
1324 635 1492 677 magnae
1524 622 1728 662 doctrinae
1759 628 1818 670 et,

366 699 481 754 quod
511 695 840 738 renascentibus
872 694 1012 736 literis
1046 698 1092 736 in
1120 696 1249 738 ltalia
1277 699 1480 753 frequens
1513 713 1650 754 genus
1693 699 1816 751 vani-

367 776 470 818 tatis
502 783 619 826 erat,
663 774 926 830 cognitionis
956 787 1106 814 eorum
1139 776 1420 830 scriptorum,
1473 777 1546 831 qui
1577 775 1712 830 vulgo
1752 777 1818 830 ig-

367 861 626 896 norarentur
668 860 712 892 et
753 853 902 892 amissi
944 859 1224 907 putarentur,
1284 854 1473 908 speciem
1516 852 1600 893 sibi
1641 853 1820 894 induere

370 932 609 982 voluisset,
650 930 696 970 id
723 931 785 970 ita
813 930 942 980 fecit,
974 937 1047 980 ut,
1080 938 1252 984 arrepto
1282 929 1380 972 loco
1412 932 1464 972 de
1495 930 1821 986 orthographia,

368 1011 628 1065 scriptorum
663 1006 961 1063 librorumque
1005 1009 1181 1049 nomina
1214 1009 1483 1059 corraderet,
1517 1009 1655 1050 multa
1682 1008 1821 1065 finge·

369 1095 464 1140 ret,
508 1101 614 1128 vera
645 1085 770 1127 falsis
803 1086 1031 1137 misceret,
1073 1087 1201 1127 nimis
1232 1100 1337 1128 sane
1372 1096 1519 1143 aperte
1551 1096 1594 1128 et
1629 1089 1824 1135 incaute3

371 1174 417 1207 et
460 1179 592 1221 quum
641 1163 836 1220 quaedam
887 1163 1223 1219 orthographica
1273 1179 1333 1205 ex
1379 1165 1573 1206 exilibus
1609 1164 1702 1206 illis
1747 1164 1825 1205 sed

373 1258 461 1286 non
511 1241 791 1284 mendacibus
831 1240 1013 1296 Apuleii
1065 1241 1231 1282 libellis
1283 1244 1614 1297 sumpsisset1>‚
1666 1256 1824 1282 nomen

372 1334 545 1378 quoque
585 1318 671 1360 sibi
707 1318 824 1359 idem
851 1318 981 1368 fecit,
1036 1319 1111 1360 sed
1155 1321 1349 1360 ornatius
1392 1327 1436 1359 et
1475 1321 1728 1371 sonantius,
1771 1318 1823 1361 L.

374 1398 601 1441 Caecilium
629 1396 923 1438 Minutianum
961 1395 1203 1450 Apuleium
1234 1411 1282 1437 se
1324 1396 1565 1451 appellans.
1627 1397 1707 1437 Est
1747 1401 1845 1439 au-'

376 1488 466 1520 tem
498 1484 590 1518 tota
631 1474 724 1516 haec
769 1474 889 1515 fraus
931 1487 1019 1514 non
1063 1472 1116 1514 ab
1161 1473 1240 1514 illo
1269 1481 1464 1529 tempore
1508 1474 1664 1516 aliena.
1728 1474 1828 1524 Qua

378 1557 496 1598 enim
524 1561 650 1596 aetate
682 1551 821 1609 literae
850 1553 896 1592 in
925 1551 1054 1592 Italia
1081 1553 1127 1592 in
1170 1551 1312 1593 lucem
1351 1553 1573 1608 vitamque
1612 1561 1826 1594 revocatae

379 1641 506 1684 sunt,
548 1633 643 1688 quis
673 1631 836 1680 nescit,
879 1637 922 1670 et
955 1643 1124 1670 errores
1157 1630 1342 1682 multos,
1383 1631 1496 1686 quod
1524 1629 1621 1671 fieri
1650 1644 1826 1671 necesse

381 1720 498 1762 erat,
531 1708 805 1766 provenisse,
838 1716 896 1758 et,
921 1708 979 1758 ,in
1014 1720 1181 1748 summo
1213 1708 1356 1749 studio
1389 1722 1600 1749 novorum
1629 1709 1829 1749 invento-

379 1805 502 1840 rum,
548 1786 708 1829 multos
748 1784 908 1827 abusos
950 1799 1046 1826 esse
1085 1784 1307 1827 hominum
1360 1786 1614 1827 credulitate
1664 1799 1827 1842 suaque

381 1868 625 1910 commenta
655 1879 731 1919 pro
764 1871 960 1911 veterum
984 1863 1188 1918 operibus
1218 1863 1479 1919 protulisse?
1511 1863 1621 1914 Quis
1639 1865 1829 1920 ignorat,

383 1947 525 2003 poetis
554 1943 725 1984 Latinis
758 1939 953 1981 subiecta
986 1942 1198 1993 carmina,
1241 1940 1442 1983 Ciceroni
1473 1951 1516 1982 et
1561 1941 1660 1982 aliis
1691 1941 1829 1983 libros

381 2037 520 2081 prosae
551 2021 759 2063 orationis
788 2018 1111 2072 ineptissimos?
1142 2019 1222 2060 sub
1262 2018 1466 2061 Messalae
1501 2018 1684 2060 Corvini
1723 2019 1831 2061 alio-

382 2115 563 2157 rumque
594 2095 841 2139 nominibus
873 2095 1010 2136 editos
1041 2110 1137 2137 esse
1170 2097 1222 2137 do
1254 2096 1437 2138 historia
1466 2097 1603 2138 libros
1633 2099 1833 2153 nugacis-

384 2176 597 2228 simos2fl
649 2175 847 2229 Denique
890 2174 1004 2215 vixit
1044 2173 1121 2215 illa
1163 2182 1288 2216 aetate
1329 2175 1495 2216 Annius
1539 2173 1830 2217 viterbiensis

476 2333 571 2368 quus
593 2317 737 2360 videri,
763 2327 887 2362 quam,
915 2316 1166 2363 cuiuscunque
1191 2317 1309 2352 :etatis
1336 2320 1451 2359 essct,
1479 2315 1564 2351 illos
1593 2319 1671 2351 tam
1694 2316 1831 2351 multos

477 2387 631 2426 tamque
657 2389 761 2413 raros
786 2378 902 2412 libros
928 2382 1095 2413 veterum
1130 2379 1357 2423 scriptorum
1384 2378 1571 2413 habuisse.

414 2447 454 2494 ι)
478 2444 645 2489 Apparet
667 2452 777 2481 nunc,
802 2440 913 2484 quale
935 2439 983 2474 sit
1008 2439 1115 2482 illud,
1142 2440 1237 2484 quod
1254 2440 1379 2474 Osann
1405 2439 1507 2484 praef.
1525 2451 1560 2485 p.
1582 2439 1662 2474 XX.
1689 2450 1830 2474 memo-

471 2505 593 2542 rabile
621 2505 739 2548 putat.
788 2502 884 2536 Nam
911 2501 1007 2546 apud
1036 2501 1237 2544 Apuleium
1263 2501 1308 2534 dc
1335 2504 1410 2535 not.
1438 2499 1552 2546 aspir.
1579 2513 1614 2545 p.
1644 2500 1713 2536 109
1738 2501 1829 2536 scri-

474 2572 581 2614 ptum
606 2566 681 2598 est:
718 2562 778 2596 Ila
803 2563 894 2596 enim
923 2563 1118 2607 effigiatur
1143 2567 1229 2596 nota
1256 2561 1504 2606 aspirationis.
1566 2562 1608 2595 In
1636 2561 1828 2608 fragmen-

473 2629 521 2664 tis
545 2640 581 2673 p.
607 2625 651 2659 ll
675 2627 697 2667 §
721 2624 778 2658 50.
821 2625 866 2658 de
892 2625 1022 2659 cadem
1047 2636 1088 2659 rc
1107 2625 1269 2667 formari
1292 2624 1440 2658 dicitur.
1513 2621 1674 2657 Scilicet
1701 2634 1829 2669 gram-

475 2687 633 2724 maticus
653 2700 725 2722 suoe
744 2688 860 2723 aetatis
889 2698 993 2723 more
1017 2687 1163 2720 locutus
1190 2689 1264 2727 θείς
1291 2686 1401 2726 alter,
1427 2682 1532 2718 cuius
1556 2686 1724 2728 tempore
1749 2684 1827 2719 cle-

475 2749 625 2796 gantius
651 2749 924 2795 loquebantur,
969 2748 1172 2782 barbarum
1196 2746 1423 2782 vocabulum
1450 2755 1524 2780 non
1552 2743 1650 2781 tulit.

414 2814 453 2855 Ψ)
480 2812 556 2846 Csr.
583 2811 753 2848 Niebuhr
778 2811 875 2848 nist.
904 2813 1013 2848 Rom.
1042 2810 1068 2844 1.
1102 2823 1136 2853 p.
1161 2807 1218 2843 88.
1249 2811 1323 2843 not.
1355 2807 1408 2841 ed.
1438 2804 1471 2839 2.
