1981 3390
465 215 565 263 490

398 349 523 386 men,
573 333 730 375 nedum
781 332 951 389 plurale
1001 341 1076 376 aut
1119 340 1258 390 poetae
1307 332 1481 382 Latini,
1524 333 1636 386 'poni
1685 335 1839 387 potuit.

398 412 685 468 Transposita
715 411 925 467 particula
961 416 1091 452 etlam
1130 417 1249 462 (nain
1278 413 1321 452 in
1354 409 1610 465 vulgaribus
1640 411 1840 452 editioni-

404 489 483 532 bus
515 498 612 546 post
644 489 785 530 libem·
814 488 1090 543 ponebatur),
1118 498 1252 542 patet,
1277 488 1549 529 substantiva
1574 489 1678 537 (non
1697 488 1840 530 solum

397 573 673 622 anagnostae,
707 574 753 605 ut
788 567 830 605 in
865 564 1078 605 Matthiaei
1121 567 1399 616 coniectura‚)
1441 566 1493 606 ad
1523 568 1709 621 priorem
1743 581 1842 621 par·

397 654 483 686 teni
514 644 738 684 sententia·
770 644 1000 697 pertinere.
1065 640 1323 695 Corrigendi
1346 641 1569 682 lenissima
1599 643 1705 683 mihi
1729 645 1839 684 ratio

395 720 649 769 videbatur,
694 727 740 759 ut
787 719 1072 760 scriberetur:
1122 717 1256 759 Nihil
1297 731 1402 758 sane
1446 719 1596 761 Attici
1633 719 1841 760 iuvabant

397 803 665 854 anagnostae,
697 796 849 837 libelli.
914 797 986 837 Sic
1017 795 1236 836 notabitur
1268 795 1457 836 studium
1484 796 1734 836 affectatum
1762 794 1842 836 At-

396 879 489 918 ticae
521 876 729 916 orationis
763 882 805 913 et
833 874 1194 928 pronuntiationis
1225 874 1355 914 etiam
1390 872 1444 913 ab
1477 873 1619 913 servis
1651 887 1843 927 anagno-

395 955 474 994 stis
505 967 563 993 ex
593 952 739 992 Attica
769 950 1051 991 addiscendae.
1110 951 1359 1004 Asyndeton
1389 951 1494 990 satis
1525 958 1624 1005 apte
1652 951 1841 997 studium

396 1031 540 1072 omnia
573 1029 874 1082 coniungentis
908 1029 1126 1081 exprimit.
1195 1026 1302 1077 (Cfr.
1343 1026 1524 1067 Tuscul.
1565 1028 1623 1078 V,
1652 1029 1732 1078 21,
1763 1029 1841 1068 62:

396 1107 603 1153 Aderant
632 1110 868 1159 unguenta,
904 1108 1106 1157 corouae).
1172 1105 1258 1145 Sed
1283 1104 1382 1144 huic
1412 1104 1701 1145 emendationi
1729 1104 1839 1145 nihil

395 1184 561 1231 obstat3
595 1182 705 1237 quod
741 1191 889 1236 cogat,
921 1196 1068 1222 veram
1101 1195 1224 1232 esse,
1258 1180 1367 1222 nihil
1399 1190 1466 1221 est
1497 1190 1623 1222 certae
1654 1190 1781 1222 notae.

515 1259 619 1315 Cap.
649 1261 730 1308 52,
765 1262 843 1300 111
876 1258 1108 1299 delendum
1147 1267 1213 1299 est
1255 1260 1445 1299 oninium
1487 1258 1681 1299 codicum
1720 1259 1841 1298 testi-

392 1339 536 1380 monio
567 1336 827 1378 vocabulum
857 1341 1042 1376 tutorum
1075 1337 1222 1390 (quum
1248 1341 1294 1377 iu
1327 1350 1480 1391 magno
1524 1349 1696 1377 numero
1728 1340 1840 1376 tato-

390 1430 483 1458 recm
514 1420 697 1456 tutorem
730 1413 880 1454 liberis
909 1427 994 1453 mm
1026 1417 1251 1467 instituit),
1283 1414 1396 1469 quod
1431 1413 1624 1454 Orellius
1656 1427 1714 1454 ex
1729 1412 1841 1453 Her-

391 1495 512 1549 vagii
554 1493 743 1532 editione
784 1491 992 1541 adscivit,
1034 1492 1156 1531 cuius
1200 1506 1293 1546 quae
1337 1493 1393 1532 sit
1432 1493 1692 1540 auctoritas,
1733 1492 1839 1531 satis

391 1570 655 1611 declaratum
691 1576 770 1609 est.
825 1568 1130 1609 putidissimus
1174 1578 1239 1608 est
1271 1569 1464 1609 eiusdem
1506 1567 1709 1609 vocabuli
1739 1581 1838 1608 con-

392 1661 542 1690 cursus
575 1645 868 1699 facillimeque
898 1644 1082 1685 alterum
1117 1644 1170 1685 ad
1193 1644 1270 1686 illa
1299 1649 1345 1685 z'u
1374 1659 1528 1699 magno
1554 1658 1727 1686 numero
1761 1659 1837 1685 au-

390 1727 519 1767 ditur.
576 1722 714 1764 Paulo
749 1730 845 1777 post
883 1725 906 1773 ξ
938 1723 1018 1761 112
1054 1736 1137 1762 non
1171 1721 1343 1772 dubito,
1384 1724 1486 1776 quin
1522 1722 1701 1772 Cicero,
1732 1729 1838 1762 tem-

389 1817 471 1859 pus
515 1800 810 1842 tantummodo
861 1797 1086 1839 definitum
1141 1807 1265 1839 extra
1314 1798 1525 1854 reliquam
1578 1800 1837 1840 sententiam

389 1880 646 1934 pendentem
665 1875 934 1931 significanS,
964 1877 1205 1930 scripserit:
1238 1882 1388 1916 contra
1407 1890 1470 1916 me
1488 1882 1655 1930 qnumst
1679 1881 1837 1924 actum,

392 1956 463 1998 ubi
485 1959 528 1997 in
559 1955 680 1996 codd.
707 1962 750 1994 et
777 1953 872 1994 edd.
905 1961 969 1993 est
1000 1967 1124 2007 quum
1156 1957 1228 2006 sil,
1261 1953 1436 2008 vulgari
1466 1953 1635 1994 ruendo.
1696 1951 1838 1993 Multo

391 2036 530 2090 magis
572 2033 641 2073 hic
673 2032 933 2072 indicativus
979 2033 1237 2085 requiritur,
1280 2046 1404 2086 quain
1447 2045 1576 2086 supra
1615 2031 1694 2079 51,
1735 2032 1839 2071 1⁰0:

397 2112 503 2159 (luis
529 2117 607 2160 est,
630 2113 705 2163 qui
735 2123 794 2159 se,
819 2121 941 2163 qaum
975 2114 1126 2147 contra
1159 2123 1223 2148 me
1240 2107 1492 2158 ferebatur,
1515 2111 1648 2148 inisse
1677 2107 1837 2158 saffra-

385 2194 504 2244 gium
555 2187 851 2236 confileatur?
914 2183 989 2224 ubi
1032 2184 1103 2225 vel
1140 2185 1476 2242 exspectabatur
1521 2186 1838 2226 coniunctivus.

391 2266 480 2307 Cfr.
514 2265 641 2306 Verr.
672 2264 751 2314 lv,
790 2264 872 2314 35,
913 2264 982 2313 77,
1016 2262 1369 2317 (exportabatur,
1407 2278 1433 2304 a
1460 2277 1527 2305 me
1562 2272 1605 2304 et
1636 2262 1839 2318 Zuinptiu

390 2340 621 2396 restitum).

509 2420 720 2460 Extremo
752 2418 890 2471 capite
921 2416 976 2455 53
1009 2413 1209 2454 obiicitur
1237 2414 1426 2456 difficilis
1454 2414 1674 2466 explicatu
1698 2413 1836 2464 loeus,

389 2501 434 2539 in
465 2511 548 2553 quo
582 2511 668 2536 non
698 2496 790 2535 sine
821 2507 950 2534 causa
973 2490 1164 2531 Orellius
1197 2491 1333 2541 haesit,
1367 2505 1426 2532 ex
1457 2490 1630 2533 illorum
1661 2505 1837 2546 genere,

392 2578 433 2617 in
468 2574 622 2630 quibus
648 2573 755 2614 adeo
787 2572 930 2613 onmia
961 2570 1240 2623 grammatice
1274 2571 1552 2620 conveniunt,
1585 2570 1692 2610 adeo
1726 2567 1834 2609 nihil

392 2656 433 2693 in
468 2652 698 2693 verborum
729 2664 808 2691 usu
833 2647 995 2704 culpari
1023 2655 1190 2699 potest,
1223 2647 1330 2687 adeo
1362 2646 1481 2687 nullu
1515 2654 1579 2686 est
1610 2647 1832 2701 scriptura:

391 2732 702 2785 discrepantia,
735 2727 873 2768 omnis
905 2725 1088 2779 denique
1121 2724 1350 2766 difficultas
1378 2725 1437 2765 itu
1468 2733 1532 2765 cst
1561 2725 1604 2764 in
1638 2737 1723 2763 uno
1755 2721 1834 2763 ali-

392 2823 474 2864 quo
516 2807 726 2850 vocabulo
767 2803 958 2855 inclusa,
1005 2803 1117 2859 quod
1168 2817 1221 2844 ne
1266 2811 1476 2845 mutatum
1524 2802 1695 2857 quidem
1737 2814 1832 2841 eain
