1981 3390
419 268 511 318 142

346 390 592 447 negationis
634 391 676 430 in
716 387 796 430 hac
834 387 1049 428 sententia
1087 387 1212 428 ratio.
1280 384 1380 443 Ipse
1425 385 1598 442 quidem
1636 397 1793 428 sensus

347 470 454 510 satis
485 475 618 524 patet.
682 466 842 507 Omnia
875 465 990 505 enim
1022 478 1069 505 se
1101 463 1255 506 Cicero
1288 466 1350 506 ait
1381 462 1581 506 Catilinae
1610 461 1794 506 consilia

347 555 611 601 conatusque
644 557 728 585 non
761 542 882 583 modo
910 542 1078 592 audire,
1108 542 1186 583 sed
1213 546 1342 584 etiam
1364 543 1529 586 videre.
1587 541 1638 583 In
1655 539 1793 582 libro-

347 640 442 668 rum
471 625 684 677 scriptura
715 634 846 675 quum
888 626 1036 673 aperte
1076 619 1246 661 deesset
1291 622 1492 676 negatio,
1536 620 1640 671 (hoc
1677 619 1794 659 enim

350 705 392 743 in
422 716 472 742 ea
496 702 673 740 dicitur:
709 697 816 738 nihil
849 705 940 746 est,
974 696 1086 750 quod
1118 697 1260 738 dicere
1277 701 1438 753 possim
1456 713 1523 740 me
1547 711 1633 738 non
1651 695 1795 737 solum

351 780 516 829 audire,
547 777 623 818 sed
656 777 786 816 etiam
821 775 993 824 videre,
1024 774 1068 814 id
1101 782 1194 825 est,
1225 775 1354 816 audio
1383 776 1555 830 quidem
1586 773 1796 829 quaedam,

352 858 428 898 sed
461 870 546 896 non
580 854 789 904 vide01),
833 852 1121 907 confugerunt
1148 852 1201 893 ad
1235 851 1435 908 ellipsin,
1480 861 1529 893 ut
1559 863 1646 892 non
1676 849 1799 891 modo

350 949 428 991 pro
456 946 541 974 non
571 932 692 972 modo
724 944 809 972 non
839 931 1030 985 positum
1067 938 1205 980 esset,
1249 944 1333 985 quo
1375 928 1562 972 artificio
1602 928 1800 983 negatio-

353 1026 452 1053 nem
487 1010 734 1060 lucrantur,
774 1009 1034 1049 sententiam
1075 1006 1261 1056 nullatn3
1309 1016 1425 1048 esset
1464 1009 1580 1048 enim
1622 1005 1706 1047 hoc
1737 1005 1801 1046 ita

354 1091 514 1131 dictum
542 1103 591 1128 ac
619 1089 657 1127 si
687 1087 905 1126 contraria
934 1094 1080 1126 essent
1107 1085 1261 1126 audire
1290 1094 1332 1126 et
1356 1085 1518 1136 videre,
1550 1092 1599 1124 ut
1626 1090 1801 1124 senten-

354 1170 416 1209 tia
444 1166 535 1208 haec
565 1164 829 1206 efficeretur:
867 1169 1032 1204 tantum
1075 1163 1219 1213 abest,
1258 1169 1309 1204 ut
1344 1164 1541 1212 audiam,
1585 1167 1637 1202 ut
1669 1163 1801 1202 etiam

355 1245 547 1292 videam3
599 1241 755 1283 deinde
797 1242 925 1282 etiam
967 1242 1106 1296 magis
1151 1239 1356 1281 ridicule:
1387 1239 1521 1280 ‘nihil
1558 1244 1646 1288 est,
1690 1235 1805 1291 quod

355 1327 521 1364 tantum
555 1319 694 1370 absit,
723 1325 774 1360 ut
802 1319 1004 1369 audiam,
1033 1324 1085 1358 ut
1111 1321 1240 1358 etiam
1267 1317 1463 1365 videam,·
1498 1318 1644 1371 itaque
1674 1313 1805 1369 plane
1830 1315 1835 1318 ’

355 1397 634 1455 superfluam,
668 1397 780 1452 quod
806 1396 860 1438 ad
893 1395 1006 1437 hunc
1039 1395 1181 1437 locum
1211 1397 1378 1446 attinet,
1410 1409 1586 1451 operam
1615 1399 1806 1442 sumunt,

357 1479 428 1534 qui
462 1490 547 1518 non
577 1475 698 1516 modo
737 1489 816 1530 pro
848 1487 934 1515 non
971 1475 1092 1515 modo
1135 1487 1221 1514 non
1261 1475 1306 1514 in
1346 1472 1425 1513 tali
1465 1472 1683 1513 sententia
1718 1482 1807 1510 non

357 1555 468 1604 dici,
498 1568 600 1594 vere
632 1567 762 1603 sane,
800 1552 1028 1602 docentl).
1101 1551 1203 1592 Fuit
1243 1552 1400 1601 etiam,
1442 1551 1516 1605 qui
1554 1561 1640 1590 uon
1683 1546 1806 1588 modo

358 1646 444 1674 non
470 1630 701 1681 scriberet,
735 1628 1018 1670 Goerenzius.
1074 1629 1277 1684 Plerique
1303 1637 1447 1669 autem
1467 1641 1596 1683 quum
1624 1624 1807 1666 obscuro

358 1711 595 1760 sentirent,
648 1709 778 1748 etiam
819 1707 873 1748 ad
914 1706 1095 1764 ye’dendc‘
1138 1715 1181 1747 et
1218 1706 1438 1747 sentiendi
1464 1703 1645 1746 verbum
1676 1702 1812 1758 perti—

360 1803 465 1831 nere
494 1788 772 1844 negationem
817 1784 1003 1836 debere,
1044 1785 1205 1839 (dicere
1237 1786 1351 1824 enim
1383 1782 1666 1832 Ciceronem,
1698 1776 1811 1821 nihil

361 1880 482 1917 esse,
515 1865 627 1921 quod
659 1878 744 1904 non
771 1864 983 1914 videret),
1027 1863 1120 1903 sive
1152 1861 1321 1903 Cuiacii
1352 1863 1448 1902 sive
1477 1860 1589 1901 alius
1615 1861 1810 1912 interpo-

359 1944 566 1986 lationem
615 1942 753 1983 secuti
789 1939 1007 1995 duplicem
1047 1941 1324 1996 negationem
1368 1938 1632 1986 intulerunt3
1681 1942 1810 1992 quam

386 2048 424 2092 ι)
451 2046 611 2081 Faciunt
642 2045 715 2078 hoc
745 2042 937 2088 plerique,
975 2043 1038 2089 qui
1072 2055 1130 2077 res
1167 2043 1314 2077 criticas
1343 2044 1506 2077 tractant
1532 2038 1726 2086 imperite,
1757 2039 1813 2080 ut,

455 2119 529 2142 non
559 2110 752 2151 perspecta
777 2104 1014 2139 difficultatis
1039 2109 1075 2139 et
1093 2103 1335 2138 dubitationis
1349 2103 1436 2137 sede
1451 2106 1488 2136 et
1505 2106 1654 2143 natura,
1679 2100 1815 2145 longas

455 2167 725 2212 disputationes
752 2165 966 2205 instituant,
993 2177 1088 2209 saepe
1112 2166 1250 2207 falsas,
1279 2164 1468 2198 interdum
1494 2174 1623 2205 veras,
1647 2161 1710 2196 sed
1736 2170 1815 2205 quoe

456 2228 575 2272 ipsam
610 2238 688 2260 rem
723 2239 795 2260 non
839 2226 1050 2272 attingant;
1089 2226 1156 2260 alii
1193 2225 1349 2260 citandis
1388 2224 1546 2259 testibus
1579 2227 1646 2257 aut
1678 2231 1815 2267 parum

458 2287 713 2331 locupletibus
757 2290 823 2319 aut
859 2285 922 2329 qui
961 2286 1057 2318 nihil
1094 2286 1239 2326 dicant,
1288 2285 1385 2329 quod
1421 2285 1467 2318 ad
1498 2295 1580 2318 rem
1614 2281 1813 2326 pertineat,

459 2346 615 2391 defungi
643 2347 800 2380 malunt.
851 2346 906 2378 Ex
935 2344 1059 2388 priore
1085 2355 1224 2389 genere
1254 2348 1308 2377 cst
1334 2344 1380 2376 ad
1407 2343 1506 2376 hunc
1530 2343 1676 2383 locum,
1701 2343 1743 2375 ut
1767 2339 1815 2374 ad

460 2409 556 2444 alios
584 2406 748 2450 aliquot,
783 2404 964 2439 Beneckii
993 2404 1206 2447 adnotatio,
1233 2403 1297 2448 qui
1324 2414 1370 2437 ne
1395 2403 1490 2437 illud
1517 2402 1668 2446 quidem
1695 2404 1817 2434 atten-

460 2470 539 2511 dit,
579 2469 691 2501 etiam
724 2465 757 2500 si
789 2476 860 2498 non
894 2464 998 2497 modo
1031 2476 1098 2509 pro
1133 2476 1202 2498 non
1238 2465 1342 2498 modo
1366 2476 1437 2498 non
1461 2464 1649 2498 diceretur
1673 2465 1739 2496 aut
1761 2460 1818 2495 ita

460 2529 700 2568 scriberetur,
726 2527 852 2560 deesse
877 2528 1001 2559 tamen
1029 2536 1141 2559 unam
1167 2525 1404 2570 negationem
1430 2525 1475 2559 ad
1498 2535 1581 2558 cam
1606 2522 1818 2564 lectionem,

461 2601 573 2636 quam
602 2589 680 2633 ipse
707 2586 906 2632 probavit,
945 2585 1132 2630 explicare
1169 2598 1215 2620 ne
1254 2586 1411 2620 tentavit
1450 2585 1611 2631 quidem.
1661 2582 1819 2617 Infinitae

465 2655 551 2686 sunt
584 2648 763 2683 eiusmodi
800 2649 845 2681 de
888 2646 1015 2681 multis
1054 2647 1190 2680 harum
1225 2647 1462 2688 orationum,
1499 2651 1540 2680 ut
1573 2646 1619 2679 de
1655 2643 1819 2678 aliorum

465 2711 690 2757 scriptorum
716 2707 1072 2749 ciceronianorum,
1109 2708 1201 2742 locis
1239 2708 1509 2753 disputationes
1545 2707 1821 2740 Germanorum

468 2772 722 2819 quorundam,
762 2771 876 2815 longe
904 2768 1019 2803 etiam
1047 2769 1235 2804 Beneckio
1260 2769 1506 2809 inferiorum,
1536 2776 1627 2812 quas
1652 2764 1821 2799 refutare

468 2834 545 2870 otio
571 2831 758 2868 abutentis
783 2835 848 2866 est.
899 2828 983 2864 Dixi
1012 2830 1142 2874 semel,
1172 2826 1221 2867 ne
1247 2830 1328 2877 quis
1354 2829 1569 2872 miraretur,
1597 2837 1665 2863 cur
1690 2835 1820 2861 carum

468 2895 613 2931 nullam
637 2893 823 2930 rationem
845 2889 1073 2928 habuissem.
