1981 3390
1495 259 1594 308 343

221 395 313 422 cum
346 385 541 436 equester
571 379 673 419 ordo
709 376 941 425 iudicaret,
977 382 1066 416 tum
1100 375 1235 416 niulto
1269 379 1459 417 mimimo
1490 380 1532 418 ἰιι
1562 380 1663 420 ridi-

221 458 320 499 cula
351 458 430 498 hac
461 455 759 497 coniunctione
804 453 1217 506 iudice-iudicante)
1250 452 1360 494 hanc
1392 453 1548 495 habeat
1581 457 1665 495 ori-

219 537 390 589 ginem;
422 545 676 587 quamquam
705 545 790 571 non
822 529 918 570 sola
948 530 1232 574 redundantia
1253 532 1409 572 vitiosa
1426 540 1518 582 est,
1551 531 1664 585 (dico

218 619 394 665 propter
425 623 528 656 eos,
560 610 632 664 qui
663 609 807 648 omnia
837 606 977 647 solent
1009 607 1266 657 defendere,
1301 621 1385 648 non
1415 610 1668 660 sentientes,

215 687 260 726 in
276 700 358 742 quo
373 688 429 727 sit
445 686 660 735 mendum,
684 685 793 739 qnod
811 684 1061 739 plerumque
1084 699 1266 749 nonuno
1288 686 1411 726 modo
1427 687 1664 739 arguitur);

218 776 317 805 nam
341 764 414 816 qui
435 763 590 803 Latine
612 764 767 811 sciunt,
801 761 1048 816 intelligent
1073 761 1288 802 ablativos
1317 762 1417 803 illos
1449 770 1522 802 aut
1554 762 1665 802 hanc

217 839 377 880 habere
411 841 696 880 sententiam:
739 852 862 892 queem
899 840 1041 880 mellus
1078 853 1205 894 eques
1236 840 1454 879 Romanus·
1493 839 1663 879 iudicat

217 917 500 969 (iudicaret),
534 924 579 957 ut
610 917 647 956 si
681 917 871 956 dicamus
905 915 1152 956 damnatum
1187 915 1377 970 aliquem
1412 929 1507 954 esse
1541 915 1663 955 nullo

216 995 360 1047 equite
378 993 608 1041 iudicante,
641 1000 714 1032 aut
736 991 864 1031 hanc:
896 1003 1125 1043 ultraquam,
1156 1005 1279 1045 quum
1300 1005 1426 1045 eques
1443 991 1664 1031 Romanas

214 1069 384 1110 indicat
428 1068 711 1120 (iudicaret),
736 1057 882 1121 'quasi
920 1081 1029 1107 unus
1073 1075 1147 1107 aut
1179 1067 1298 1107 solus
1334 1076 1407 1108 aut
1439 1082 1535 1108 cum
1564 1067 1664 1107 aliis

211 1144 324 1186 alius
366 1145 529 1186 ordinis
567 1144 608 1184 id
656 1158 809 1185 munus
843 1143 1066 1194 habuerit,
1108 1153 1156 1184 ut
1195 1146 1232 1184 si
1276 1145 1495 1195 dicamus,
1541 1143 1662 1184 nullo

209 1222 393 1276 patricio
424 1220 600 1262 consule
630 1220 711 1260 hoc
743 1229 816 1260 aut
841 1220 921 1261 hoc
952 1222 1188 1270 accidisse3
1231 1230 1360 1278 atque
1387 1221 1468 1261 hoc
1498 1223 1660 1261 incom-

212 1298 385 1338 modum
413 1297 579 1338 tollitur
612 1297 701 1337 leni
736 1299 988 1348 mutatione,
1017 1298 1186 1353 reliqua
1219 1307 1407 1339 manent.
1465 1298 1551 1338 Sed
1585 1312 1662 1338 nec

214 1375 286 1428 qui
318 1388 450 1414 unum
483 1373 591 1414 illud
631 1374 855 1414 iudicante
887 1374 1069 1424 tollunt,
1109 1384 1156 1414 ut
1197 1374 1486 1425 Garatonius,
1526 1374 1663 1415 ullam

210 1452 470 1502 ineptissimi
502 1451 779 1490 additamenti
819 1466 990 1492 causam
1024 1452 1182 1492 afferre
1212 1461 1418 1506 possunt,
1458 1466 1535 1492 nec
1576 1452 1663 1506 qui,

202 1535 413 1581 ‘quattuor
447 1526 590 1567 verbis
622 1527 799 1576 deletis,
839 1529 962 1568 nulla
995 1527 1170 1581 legunt;
1211 1543 1310 1568 nam
1346 1530 1384 1569 si
1414 1528 1494 1568 hoc
1535 1528 1662 1568 modo

211 1601 363 1643 Cicero
397 1604 668 1657 scripsisset,
701 1617 779 1644 nec
813 1603 904 1644 ulla
934 1607 1109 1646 omnino
1141 1605 1295 1645 fuisset
1324 1605 1509 1645 addendi
1541 1604 1662 1658 quid-

209 1693 337 1734 quam
377 1693 506 1719 causa
550 1694 627 1720 nec
667 1680 813 1720 iudice
850 1703 905 1711 --
945 1681 1170 1721 iudicante
1222 1683 1448 1737 quisquam
1502 1681 1661 1722 adscri-

208 1757 381 1810 psisset.
444 1755 528 1797 Sed
560 1769 689 1809 quum
720 1765 860 1806 esset,
902 1766 948 1797 ut
979 1760 1159 1810 opinor,
1195 1760 1424 1812 scriptum:
1463 1762 1510 1798 in
1542 1758 1661 1798 nullo

207 1832 354 1872 iudice
397 1845 450 1871 ue
492 1835 744 1872 tenuissima
789 1833 956 1888 quidem
992 1842 1086 1877 etcf
1114 1835 1484 1889 (praepositionem
1530 1835 1660 1875 Zum-

207 1909 325 1961 ptius
355 1907 564 1959 addidit),
609 1908 652 1947 id
689 1916 735 1948 ut
767 1908 896 1963 plane
927 1908 1219 1950 declararetur
1254 1911 1574 1951 accommodate
1605 1910 1658 1950 ad

208 1985 432 2037 superiora
466 1997 576 2023 neve
611 1985 705 2038 quis
738 1993 922 2036 putaret,
956 1984 1066 2025 alios
1099 1985 1228 2026 simul
1258 1986 1421 2027 iudices
1452 1987 1587 2026 fuisse
1619 1995 1661 2027 et

208 2058 340 2099 simul
369 2058 630 2114 significari,
682 2060 868 2101 adscribi
900 2070 1092 2115 poterat,
1132 2063 1316 2103 iadicem
1350 2076 1446 2103 esse
1477 2067 1660 2119 equitem

209 2135 265 2176 R.
298 2135 576 2176 iudicantem.
638 2135 786 2178 Minus
812 2140 922 2188 iam,
954 2153 1083 2193 quum
1119 2138 1208 2178 haec
1239 2139 1500 2188 viderimus,
1530 2141 1661 2179 ratio-

206 2211 335 2252 nibus
374 2212 647 2253 evidentibus
682 2214 1018 2269 repugnabimus
1049 2216 1093 2254 in
1124 2213 1220 2254 Lib.
1252 2215 1271 2255 I
1301 2230 1338 2256 c.
1369 2216 1442 2262 15,
1482 2217 1553 2265 41,
1588 2215 1661 2255 ubi

203 2300 315 2328 unus
349 2287 579 2343 Zumptius
611 2288 690 2330 Cn.
719 2290 981 2330 Dollabella}
1017 2305 1172 2331 nomen
1203 2299 1346 2331 tuetur
1378 2300 1526 2331 contra
1559 2291 1661 2332 reli-

204 2377 312 2418 quos
340 2378 366 2405 a
395 2364 619 2419 Naugerio
650 2366 748 2407 inde
779 2367 980 2407 editores.
1044 2368 1128 2407 Sed
1151 2381 1229 2408 nec
1249 2367 1393 2409 attulit
1412 2367 1658 2421 quidquam,

204 2453 288 2494 quo
330 2442 600 2493 ostenderet,
644 2445 899 2495 pronomine
940 2444 1017 2482 ille
1054 2444 1096 2482 in
1143 2445 1237 2496 ipso
1272 2445 1498 2484 sententia>
1532 2446 1657 2484 initio

199 2518 343 2570 posito
389 2518 444 2558 ad
481 2533 709 2573 personam
752 2519 1127 2560 demonstrandam
1175 2521 1273 2561 addi
1316 2523 1460 2575 ipsum
1501 2534 1655 2561 nomen

200 2605 356 2646 posse,
396 2595 552 2636 nedum
593 2595 732 2636 tribus
774 2595 918 2637 verbis
961 2598 1229 2651 interpositis
1267 2599 1492 2638 :sententiae
1522 2599 1652 2637 inter-

202 2677 338 2723 ruptae
364 2670 573 2722 interiici,
611 2681 814 2728 tanquam
846 2681 1058 2714 metueret
1085 2683 1255 2725 orator,
1289 2689 1341 2714 ne
1375 2688 1525 2728 parum
1559 2688 1656 2728 per-

201 2747 348 2799 spicue
393 2747 605 2799 dixisset,
657 2759 699 2790 et
737 2752 936 2791 instituta
980 2752 1161 2791 rectiore
1208 2750 1436 2792 verborum
1475 2751 1656 2790 coniun-

208 2822 350 2862 ctione
385 2824 554 2873 effecit‚
599 2834 643 2865 ut
675 2826 808 2868 multo
851 2829 991 2868 minus
1029 2827 1183 2868 divelli
1221 2827 1421 2868 debuisse
1459 2826 1652 2866 videatur
