1981 3390
410 184 505 232 136

1012 669 1128 730 vl.

343 807 431 860 Dc
475 807 874 862 emendatione
915 811 1169 864 locorum
1218 809 1435 881 aliquot
1468 813 1789 867 orationum

770 913 1275 969 Ciceronianarum
1311 911 1378 980 ¹).

342 1109 567 1204 Humile
611 1172 655 1205 et
695 1165 873 1207 minime
912 1165 1187 1222 splendidum
1229 1167 1476 1221 scriptionis
1516 1166 1785 1207 Academicae

344 1248 647 1293 argumentum
690 1242 937 1292 afferimus,
991 1244 1251 1298 quaestiones
1291 1244 1462 1284 criticas
1499 1242 1551 1283 de
1593 1250 1789 1284 veterum

344 1325 721 1360 monumentorum
751 1320 1069 1362 emendatione.
1139 1320 1227 1362 Sed
1254 1321 1348 1376 ipse
1381 1334 1547 1371 sermo,
1592 1334 1676 1376 quo
1705 1321 1790 1361 uti-

344 1405 464 1446 mur,
493 1394 678 1437 Latinus
709 1411 951 1454 munusque
991 1398 1073 1439 hoc
1104 1398 1321 1439 scribendi
1348 1397 1584 1454 philologis
1614 1397 1789 1439 deman-

344 1469 439 1512 dari
471 1472 648 1514 solitum
686 1475 918 1517 admonere
947 1476 1132 1532 quodam
1165 1476 1293 1517 modo
1325 1476 1516 1525 videtur,
1549 1489 1603 1515 ne
1635 1488 1788 1516 verea-

343 1561 440 1589 mur
468 1550 684 1592 interdum
729 1551 812 1593 hoc
851 1552 947 1594 loco
981 1568 1078 1594 eam
1119 1568 1288 1610 quoque
1329 1553 1568 1593 studiorum
1601 1551 1791 1606 philolo-

344 1627 541 1681 gicorum
572 1636 739 1684 partem
769 1638 981 1680 tractare,
1014 1646 1107 1687 quae
1137 1625 1217 1673 nec
1248 1631 1432 1673 aliarum
1462 1631 1620 1671 artium
1651 1629 1790 1670 homi-

345 1716 424 1744 nes
457 1703 634 1747 allicere
679 1710 1016 1756 consuevit,neo
1048 1708 1174 1750 nobis
1204 1724 1280 1765 per
1321 1723 1367 1749 se
1403 1707 1679 1759 exercenda,
1713 1720 1788 1747 ne-

346 1780 448 1822 dum
484 1796 676 1835 summa,
720 1786 915 1838 videtur,
956 1787 1031 1827 sed
1072 1788 1330 1828 necessaria.
1414 1785 1633 1834 Quoniam
1673 1785 1789 1825 enim

346 1850 543 1917 Veterum
567 1864 838 1917 'scriptorum
875 1866 1168 1920 cognitionem
1208 1863 1629 1919 intelligentiamque
1655 1860 1789 1917 profi-

346 1944 510 1988 temur,
552 1952 639 1980 non
686 1954 917 1996 possumus
959 1956 1109 1982 eorum
1155 1943 1419 1997 integritatis
1466 1939 1790 1991 conservandae,

344 2016 660 2072 investigandae
691 2019 1053 2074 restituendaeque
1087 2033 1232 2060 curam
1261 2034 1286 2060 a
1319 2018 1444 2060 nobis
1474 2020 1671 2069 reiicere,
1696 2019 1790 2059 sine

345 2107 430 2148 qua
458 2109 544 2135 non
579 2097 685 2136 satis
717 2094 889 2138 firmum
919 2105 985 2138 est
1015 2099 1147 2138 totius
1177 2096 1415 2152 disciplinae
1447 2096 1789 2138 fundamentum.

466 2170 637 2213 Novem
667 2173 759 2214 fere
789 2188 959 2215 menses
989 2184 1116 2226 sunt,
1154 2190 1214 2217 ex
1247 2190 1330 2230 quo
1361 2175 1588 2215 duodecim
1618 2172 1791 2215 Cicero-

345 2247 413 2288 nis
439 2249 658 2290 orationes
687 2263 713 2290 a
742 2263 811 2290 me
843 2253 1088 2306 recognitas
1117 2251 1401 2306 plurimisque
1425 2251 1548 2300 lo‘eis,
1581 2258 1788 2305 quantum

345 2325 440 2366 sine
481 2326 645 2380 insigni
696 2335 926 2382 apparatus
975 2329 1112 2368 critici
1164 2329 1411 2369 accessione
1458 2326 1555 2368 fieri
1602 2336 1788 2384 poterat,

346 2403 595 2444 emendatas
627 2404 755 2445 edidi.
829 2405 936 2455 Quae
967 2405 1099 2446 editio
1132 2407 1244 2461 quod
1276 2405 1522 2447 scholarum
1551 2419 1682 2447 causa
1711 2421 1788 2462 pa-

346 2479 545 2533 rabatur‚
591 2482 926 2538 disputationem
977 2485 1169 2525 criticam
1224 2498 1559 2539 causarumque,
1611 2493 1788 2540 propter

345 2572 452 2614 quas
481 2559 668 2616 quidque
698 2569 909 2603 mutatum
945 2570 1084 2612 esset,
1119 2562 1457 2618 explicationem
1490 2576 1576 2603 non
1607 2563 1787 2619 recipie-

371 2729 408 2770 1)
435 2729 703 2775 Programma‚
744 2741 815 2776 quo
853 2731 1087 2766 indicebatur
1114 2732 1355 2778 magistratus
1382 2730 1586 2769 academici
1609 2729 1783 2767 anniver-

435 2789 534 2826 saria
558 2791 733 2835 mutatio.
761 2795 883 2832 aestate
917 2805 947 2829 a.
977 2793 1064 2830 1831
1094 2793 1244 2831 editum.
