1981 3390
414 235 519 285 ³314

355 356 436 397 bus
466 355 568 399 Aut
592 357 722 395 eciam
752 360 834 394 etc.
862 352 1021 394 elicere
1049 352 1285 396 studerent.
1345 353 1402 395 Et
1430 355 1524 394 iure
1558 351 1803 402 haerebant;

352 428 494 488 neq‘ne
537 432 652 473 enim
693 432 738 471 in
782 445 878 472 eam
921 439 1087 485 partem
1128 446 1277 472 eorum
1323 445 1527 472 versuum
1560 429 1698 471 verba
1729 431 1805 471 de-

352 509 546 565 torqueri
592 515 796 563 possunt3
847 521 926 548 nec
975 510 1202 548 conamina
1255 509 1539 563 interpretum
1588 507 1803 558 refellam,

354 599 536 641 quorum
579 598 690 623 unus
739 582 975 624 Creechius
1025 596 1104 624 sua
1147 585 1503 638 interpretatione
1543 583 1803 635 confidebat,

355 676 486 718 quum
520 661 690 710 minus,
723 674 850 714 quam
885 661 1041 710 ceteri,
1076 660 1266 710 videret,
1310 661 1407 715 quid
1444 676 1539 702 eam
1573 669 1802 702 everteret.

353 737 467 781 Nam
510 738 764 778 alterutrum
808 750 938 790 quum
994 750 1073 776 sua
1114 745 1267 777 natura
1308 737 1614 778 disiunctivum
1660 740 1716 779 sit
1761 746 1804 778 et

354 829 484 871 quum
519 822 667 868 aperte
698 814 811 855 huno
853 827 1027 854 sensum
1060 813 1212 854 faciat:
1250 814 1314 852 “si
1360 822 1433 854 aut
1474 827 1628 868 corpus
1666 816 1801 871 inani,

352 900 427 934 aut
444 893 573 932 inane
591 905 770 945 corpore
788 904 873 930 non
893 891 1189 940 terminetur-’2
1217 889 1294 931 ille
1314 905 1392 945 pro
1409 889 1587 931 definito
1606 891 1803 943 sumpsit,

352 983 482 1026 quum
512 969 572 1009 ita
603 968 868 1020 exprimeret
889 966 1290 1022 circumloquendo:
1320 971 1389 1007 ”82⁹
1416 981 1517 1008 vero
1547 969 1802 1009 alterutrum

352 1059 438 1087 nou
476 1048 681 1086 terminet
717 1057 859 1085 eornm
899 1045 1081 1085 alterum
1124 1043 1311 1098 (Corpus
1352 1045 1557 1085 videlicet
1594 1045 1802 1098 Imene)”,·

351 1123 507 1164 deinde
537 1130 580 1162 et
610 1123 647 1161 is
687 1129 730 1161 et
762 1121 909 1170 ceteri,
944 1134 1074 1175 quum
1106 1134 1279 1162 versum
1306 1120 1513 1176 Simplice
1537 1128 1698 1163 natura
1719 1130 1801 1162 etc.

352 1200 568 1254 superiori
601 1199 913 1251 coniungerent
946 1205 1020 1236 aut
1051 1197 1218 1249 addita,
1258 1206 1306 1240 ut
1331 1197 1597 1247 Lambinus,
1630 1206 1704 1238 aut
1735 1200 1800 1238 in·

350 1276 552 1324 tellecta,
584 1283 632 1314 ut
666 1273 926 1323 Creechius‚
970 1273 1184 1328 particula
1222 1281 1287 1324 et,
1331 1290 1388 1315 ex
1421 1276 1627 1331 negativa
1656 1282 1801 1316 tamen

350 1351 566 1408 particula
611 1349 893 1392 conditionali
926 1351 1077 1404 (nin),
1125 1351 1178 1391 ad
1217 1351 1329 1392 hanc
1366 1353 1591 1392 sententiae
1632 1360 1800 1406 partem

348 1429 652 1472 affirmativam
699 1428 776 1480 (ει)
828 1429 1047 1482 pertinere
1089 1427 1347 1478 voluerunt,
1405 1429 1518 1485 quod
1567 1427 1664 1469 fieri
1713 1442 1801 1469 non

345 1521 476 1562 posse
509 1514 642 1561 patet.
706 1505 792 1546 Sed
824 1503 945 1544 lubet
980 1505 1151 1555 videre,
1182 1519 1308 1559 quam
1341 1504 1469 1545 facile
1499 1519 1546 1545 se
1580 1513 1622 1545 et
1650 1519 1800 1546 recen-

348 1585 482 1624 tiores
534 1580 858 1624 Wakefieldius
908 1581 1198 1636 expediverit.
1279 1580 1329 1622 In
1369 1595 1455 1621 uno
1497 1582 1796 1622 recentissimo

347 1657 596 1715 apographo
624 1657 836 1713 (Britann.
869 1657 914 1713 3)
956 1666 998 1697 et
1033 1659 1076 1698 in
1107 1657 1361 1712 vulgaribus
1396 1657 1563 1713 aliquot
1596 1658 1796 1699 editioni-

347 1736 428 1778 bus
466 1737 628 1790 reperit
671 1736 715 1775 in
759 1748 801 1774 v.
839 1735 948 1774 1⁰12
982 1740 1027 1774 et
1059 1743 1157 1788 post
1198 1740 1358 1774 natura
1391 1734 1706 1791 supplementi,
1749 1742 1797 1774 ut

346 1815 469 1864 dixi,
501 1817 630 1854 ca'usa
660 1811 865 1852 additum.
929 1811 1001 1851 Ex
1036 1825 1087 1851 eo
1122 1825 1251 1866 quum
1283 1812 1457 1852 fecisset
1483 1819 1533 1852 ut
1553 1812 1616 1865 ¹),
1649 1816 1796 1853 ”tanta

345 1905 392 1931 se
422 1890 519 1931 luce
551 1898 686 1929 totum
721 1888 863 1930 locum
894 1888 1180 1944 perfudisse”‚
1220 1888 1422 1944 putabat,
1461 1893 1534 1929 ”ut
1569 1889 1678 1929 nihil
1709 1888 1796 1931 cla-

343 1969 434 2009 rius
477 1975 551 2007 aut
583 1966 755 2007 facilius
788 1964 1010 2005 intellectu
1055 1966 1290 2006 desiderari
1333 1969 1534 2021 posset”;
1575 1968 1636 2009 ita
1677 1968 1794 2007 enim

343 2046 555 2085 declarari
590 2051 728 2098 poetae
761 2055 959 2082 sensum:
992 2042 1114 2084 ”Hoc
1143 2045 1180 2083 si
1214 2057 1376 2098 neges,
1410 2058 1489 2085 nec
1525 2051 1678 2085 natura
1710 2043 1792 2085 hoc

345 2122 496 2172 inodo,
525 2120 684 2161 finibus
711 2119 877 2161 scilicet
908 2118 1085 2160 alternis
1120 2122 1244 2161 vacui
1268 2135 1317 2161 ac
1349 2122 1567 2177 corporis,
1597 2122 1660 2161 ita
1691 2121 1816 2179 sim-¹

341 2199 511 2253 pliciter
530 2213 598 2238 res
621 2212 770 2238 omnes
790 2198 1005 2247 terminet,
1030 2211 1168 2252 neque
1200 2197 1279 2239 hac
1310 2199 1556 2239 conditione
1573 2199 1792 2248 terminet,

341 2283 388 2315 ut
420 2276 545 2315 vacui
586 2274 655 2315 vcl
686 2276 878 2330 corporis
915 2283 1122 2328 perpetua
1154 2277 1210 2315 sit
1241 2277 1470 2326 extensio,
1517 2284 1559 2316 et
1604 2276 1792 2330 spatium

342 2353 531 2406 undique
569 2352 662 2390 sine
701 2350 840 2391 limite
876 2350 988 2390 alius
1029 2351 1260 2392 cuiuslibet
1303 2353 1477 2406 generis
1508 2359 1790 2406 propagetur;

342 2430 449 2480 hoc,
480 2430 681 2483 inquam,
715 2427 758 2466 ni
789 2425 887 2476 fiat,
920 2440 999 2467 nec
1025 2441 1142 2467 mare
1173 2441 1251 2467 nec
1281 2427 1411 2467 tellus
1443 2428 1548 2468 etc.”
1606 2427 1788 2480 Opinor,

340 2521 424 2547 non
467 2504 710 2560 postulatur
751 2504 956 2544 refutatio
998 2517 1172 2554 corum,
1217 2518 1308 2560 quae
1353 2519 1505 2556 nemo,
1547 2519 1632 2546 non
1677 2505 1789 2554 dico,

340 2597 425 2638 quo
457 2582 582 2623 modo
617 2596 677 2623 ex
709 2580 902 2623 Lucretii
934 2578 1079 2621 verbis
1110 2579 1373 2632 efficiantur,
1420 2583 1496 2624 sed
1539 2597 1664 2639 quem
1695 2596 1783 2622 om-

365 2761 401 2800 1)
433 2757 616 2802 Forbigcr
641 2757 787 2791 videtur
820 2755 917 2788 hanc
950 2755 1114 2789 oninium
1149 2756 1253 2790 codd.
1281 2759 1317 2790 ot
1349 2757 1428 2791 cdd.
1461 2757 1682 2802 scripturam
1717 2766 1785 2799 pn-

425 2823 519 2852 tasse
546 2822 581 2853 ct
610 2817 759 2852 omnino
785 2817 909 2850 locum
938 2819 1114 2860 tunquam
1145 2817 1421 2861 apertissimum
1451 2818 1583 2853 tacitus
1610 2815 1783 2861 praeterit.
