1981 3390
393 252 491 299 396

447 370 496 412 C.
531 371 603 422 18,
643 372 699 412 43
730 368 833 411 boni
866 369 1034 411 codices
1065 367 1118 410 ab
1157 369 1273 410 edita
1301 367 1488 409 lectione
1520 366 1648 409 valde
1680 368 1765 409 dis-

326 456 525 501 crepant3
565 462 663 489 nam
696 450 739 488 in
773 448 853 488 hac
882 455 969 487 est:
1011 445 1089 486 Ex
1119 445 1270 500 quibus
1310 449 1517 486 neminem
1561 442 1667 485 milei
1694 457 1767 485 nea

326 538 443 565 cesse
494 530 559 565 esc
604 528 849 570 nomz’nare‚'
903 528 1065 562 vosmet
1107 521 1321 563 vobiscum
1369 521 1682 572 recordamini,
1723 522 1768 561 in

323 601 414 642 illis
445 602 622 654 (pai-is„
662 597 792 638 Bern.
823 606 1030 653 utroque,
1060 599 1153 638 cod.
1185 596 1234 638 C.
1265 597 1457 650 Steph.):
1487 596 1593 638 mihi
1631 598 1772 652 liquet

324 681 560 718 nominare.
635 675 706 715 Ex
739 674 822 714 hoc
855 688 938 713 non
973 671 1181 723 efficitur,
1223 674 1336 728 quod
1369 673 1538 714 Orellio
1571 676 1615 714 in
1648 688 1767 715 men-

325 762 409 793 tem
446 754 587 801 venit,
620 750 726 791 mz’ln·
753 752 879 799 licet,
912 750 1083 804 (quidni
1112 751 1224 790 enim
1258 750 1423 799 liceret,
1462 763 1516 790 ex
1555 752 1767 792 maiorum

322 831 562 885 praesertim
601 838 643 869 et
682 837 853 883 patrum
886 828 1092 868 memoria
1118 826 1338 876 homines,
1369 827 1591 866 nominare
1604 826 1648 879 ἓ)
1670 827 1768 868 sed:

323 905 430 946 mihi
468 905 586 946 lebet.
657 906 727 945 Ex
766 903 981 945 scribendi
1011 917 1156 944 errore
1193 904 1354 944 factum
1395 910 1461 942 est
1493 903 1627 953 linet,
1666 902 1766 943 inde

323 991 464 1024 ortum
493 984 643 1038 liquet.

443 1057 547 1114 Cap.
581 1061 661 1110 19,
691 1059 748 1100 45
778 1059 940 1100 editur:
976 1055 1104 1100 Fieri
1137 1061 1248 1098 enim
1275 1071 1361 1099 non
1382 1062 1551 1112 potest,
1591 1061 1643 1097 ut
1671 1059 1768 1096 am·-

322 1149 411 1176 mus
440 1135 620 1176 lebidim·
650 1136 821 1177 deditus
851 1159 906 1168 -—-
939 1134 1039 1184 Ιιοσ,
1073 1134 1282 1189 quidquid
1311 1138 1397 1183 est,
1436 1134 1550 1187 qnod
1582 1146 1659 1174 nos
1678 1132 1764 1182 sa-

322 1216 455 1253 cc'mns·
487 1216 534 1253 in
566 1213 770 1262 dicendo,
804 1226 889 1254 non
923 1211 1044 1252 modo
1071 1211 1267 1264 agendo,
1312 1223 1455 1250 verum
1486 1214 1617 1250 etiam
1647 1213 1765 1264 cogi-

321 1289 454 1330 tando
475 1294 620 1343 possit
641 1294 869 1330 sustinere.
927 1289 1012 1328 Sed
1043 1287 1162 1328 codd.
1192 1301 1342 1328 omnes
1372 1287 1493 1341 (casu
1520 1287 1688 1336 accidit,
1718 1294 1766 1325 ut

321 1365 391 1406 hic
442 1368 572 1407 etiam
620 1365 903 1407 Gulielmiani
952 1374 994 1406 et
1042 1363 1292 1405 Gruteriani
1344 1361 1766 1415 commemorentur),

321 1444 452 1484 etiam
484 1445 801 1494 recentissimi,
846 1453 888 1484 et
919 1445 1013 1498 ipsa
1046 1442 1177 1483 editio
1218 1456 1257 1482 a.
1290 1442 1400 1482 1472
1440 1440 1558 1495 (nam
1588 1441 1632 1479 in
1664 1440 1766 1480 edit.

320 1521 430 1561 1480
472 1530 683 1562 mutatum
724 1522 810 1561 iam
850 1521 932 1573 est)
979 1534 1055 1575 pro
1102 1532 1186 1559 uon
1232 1518 1353 1558 modo
1397 1517 1557 1557 hadent
1599 1530 1763 1571 quoquo

319 1597 463 1646 modo,
496 1599 690 1651 profecto
721 1612 806 1638 non
836 1612 981 1638 errore
1012 1595 1241 1637 scribendi.
1302 1594 1596 1635 Vehementer
1625 1594 1766 1648 suspi-

321 1688 416 1724 cor,
446 1674 606 1716 factum
637 1673 707 1716 hic
740 1688 859 1724 esse,
904 1673 1026 1729 ,quod
1071 1671 1177 1712 alibi
1208 1685 1376 1726 quoque
1411 1673 1457 1711 in
1496 1669 1763 1711 orationibus

318 1751 480 1791 factum
513 1765 608 1792 esse
640 1752 844 1801 memini,
876 1759 923 1790 ut
952 1752 996 1790 in
1030 1749 1221 1790 codicum
1255 1756 1499 1788 nostrorum
1531 1747 1763 1802 archetypo

316 1836 492 1883 propter
530 1816 721 1869 eiusdem
763 1826 965 1868 vocabuli
997 1827 1299 1880 repetitionem
1327 1823 1491 1879 aliquid
1525 1824 1763 1874 excideret,

316 1906 608 1960 scriptumque
652 1904 756 1945 olim
799 1905 957 1945 fuisse:
1008 1916 1172 1959 quoquo
1216 1901 1360 1957 [modo
1387 1900 1611 1951 facimus,
1653 1899 1761 1957 non]

317 1981 453 2023 modo.
517 1981 839 2023 Modestissime
871 1980 1024 2022 Cicero
1064 1979 1185 2035 loqui
1217 1979 1333 2027 vult3
1374 1980 1519 2033 itaque
1551 1986 1649 2032 apte
1682 1977 1763 2018 hoc

316 2059 616 2114 superadditur
649 2059 764 2100 illis:
806 2058 1019 2115 quidquid
1051 2063 1139 2107 est,
1181 2056 1297 2112 qnod
1323 2069 1400 2096 uos
1417 2054 1632 2104 facimus.
1693 2053 1762 2096 Ne

318 2136 569 2190 exemplum
621 2151 644 2177 e
692 2136 930 2192 longinquo
978 2143 1146 2190 petam,
1199 2135 1244 2173 in
1284 2141 1391 2174 orat.
1435 2133 1487 2173 de
1527 2133 1762 2187 provinciis

317 2212 482 2253 consul.
515 2228 551 2254 c.
582 2215 632 2264 4,
663 2215 692 2253 9
724 2214 883 2255 editur:
930 2214 1077 2267 Igitur
1107 2215 1153 2252 in
1186 2209 1346 2263 Syria,
1379 2213 1638 2264 imperatore
1668 2209 1761 2259 illo,

316 2287 430 2328 nihil
473 2290 598 2331 allud
634 2296 775 2331 actum
818 2296 904 2339 est,
935 2293 1050 2332 ,nisi
1081 2292 1308 2342 pactiones
1349 2291 1630 2340 pecuniarum
1669 2297 1760 2325 cum

315 2370 534 2418 tyrannis,
577 2372 675 2406 cell.
756 2367 841 2407 Sed
894 2379 1043 2406 omnes
1088 2364 1237 2413 codd.,
1281 2365 1411 2403 etiam
1451 2363 1616 2411 Paris.²
1656 2362 1760 2414 ipsae

315 2457 483 2498 quoque
511 2442 723 2483 editiones
747 2450 917 2482 veteres
940 2440 1121 2482 habent:
1151 2438 1266 2480 nihil
1285 2438 1410 2479 allud
1439 2451 1575 2492 neque
1603 2443 1759 2478 actum.

313 2521 414 2561 Fuit
443 2522 575 2575 igitur
608 2519 711 2560 olim
745 2518 992 2560 huiusmodi
1032 2517 1240 2558 orationis
1279 2515 1439 2556 forma:
1480 2513 1594 2555 m'ltil
1633 2514 1760 2555 aliud

315 2610 448 2651 neque
491 2595 749 2651 [cogitatum
780 2594 937 2652 neque]
973 2600 1114 2635 actum
1148 2599 1224 2634 est.
1302 2591 1469 2633 Similis
1501 2606 1620 2632 error
1651 2604 1757 2632 non-

289 2673 446 2729 ‘nullis
478 2673 649 2714 locis'in
680 2673 824 2714 codice
847 2672 1044 2713 Mediceo
1077 2670 1354 2726 epistolarum
1380 2670 1430 2710 ad
1455 2668 1608 2710 Faxnil.
1641 2682 1755 2709 com-

314 2753 469 2792 missus
512 2759 600 2802 est,
645 2751 823 2793 necdum
870 2749 1026 2804 ubique
1066 2747 1287 2797 sublatus,
1336 2747 1453 2788 velut
1482 2745 1551 2796 II,
1589 2747 1639 2796 4,
1682 2743 1754 2785 ubi

314 2827 582 2870 s‹.·1·ibendum
618 2838 702 2870 est:
737 2834 780 2869 ηι
813 2841 947 2882 neque
981 2840 1055 2872 ea,
1098 2824 1215 2880 [quat
1248 2829 1409 2872 senle‘o.
1444 2824 1646 2872 audeam,
1682 2836 1753 2863 ne·
