1981 3390
1513 287 1614 336 419

230 407 486 459 similitudo,
520 407 678 463 ubique
710 412 902 459 apparet,
934 417 1047 459 saepe
1068 405 1197 444 etiam
1225 406 1267 444 in
1300 405 1536 446 levissimis
1564 422 1680 448 men-

228 486 320 536 dis,
366 486 486 527 velut
528 499 565 525 e.
602 485 655 534 9,
688 484 739 522 21
778 490 957 536 uterque
991 481 1144 522 habet:
1188 482 1342 536 (lignos
1375 495 1402 522 a
1432 484 1680 536 mae'ore'bns,

230 561 342 618 q'uod
387 563 431 602 in
469 559 598 601 Bern.
643 561 671 600 2
716 568 954 600 correctum
997 567 1062 599 est
1107 574 1184 601 nec
1234 561 1277 600 in
1320 558 1419 600 aliis
1467 574 1681 616 propaga-

228 646 332 678 tum.
410 636 465 677 Et
510 644 653 677 tamen
684 635 948 677 Bernensem
984 650 1069 677 non
1105 652 1127 677 e
1171 637 1406 678 Parisiensi
1439 636 1571 691 paulo
1606 653 1680 679 an·

226 714 410 769 tiquiore
452 728 547 755 esse
586 715 871 769 descriptum,
913 714 987 754 sed
1026 714 1112 754 alia
1155 715 1226 755 via
1267 729 1325 754 ex
1367 715 1572 768 primario
1604 716 1679 756 du-

228 799 369 840 ctum,
413 791 511 832 talis
555 791 743 832 ostendit
779 792 821 831 in
867 790 1087 832 nonnullis
1126 791 1234 832 locis
1274 792 1494 846 scripturae
1539 792 1681 834 diver-

228 869 357 919 sitas,
403 877 449 909 ut
482 871 754 925 perspicuum
793 871 872 919 sit,
919 882 1011 924 quae
1043 870 1088 909 in
1122 866 1331 909 Beruensi
1365 870 1475 919 sint,
1514 883 1571 909 ex
1600 870 1680 911 Pa-

230 946 425 987 risiensis
478 946 664 988 lectione
699 961 804 987 -non
856 959 952 985 esse
999 953 1116 994 orta,
1178 958 1308 999 quum
1359 945 1516 995 etiam,
1568 947 1681 1000 quod

227 1023 358 1076 paulo
400 1031 497 1078 post
538 1021 785 1078 apparebit,
825 1023 870 1062 in
910 1021 1146 1062 parisiensi
1187 1035 1325 1075 pauca
1365 1022 1558 1075 quaedam
1593 1025 1681 1064 sin-

228 1099 393 1154 gularis
445 1100 819 1155 interpolationis,
876 1099 927 1140 ad
975 1097 1239 1139 Beruensem
1284 1112 1368 1138 non
1408 1101 1680 1153 pertinentis,

228 1177 458 1219 manifesta
499 1179 686 1232 vestigia
732 1176 1123 1232 deprehendantur.
1193 1174 1380 1217 Patcfiet
1421 1183 1511 1217 tota
1552 1191 1622 1218 res
1657 1192 1679 1218 e

229 1265 460 1307 conspectu
493 1255 792 1310 discrepantiae
822 1269 899 1309 per
929 1254 1154 1295 duodecim
1189 1255 1326 1308 prima
1360 1254 1516 1308 capita,
1551 1269 1677 1310 quem

229 1330 359 1386 paulo
402 1332 516 1373 infra
557 1346 741 1387 ponam,
795 1332 855 1372 ita
898 1340 1217 1386 comparatum,
1263 1341 1310 1373 ut
1351 1334 1403 1374 ad
1448 1334 1536 1376 alia
1576 1351 1680 1391 quo-

230 1422 340 1463 que,
384 1408 437 1449 de
479 1407 634 1464 quibus
682 1418 777 1464 post
810 1409 1002 1459 dicetur,
1043 1410 1142 1449 usui
1176 1423 1272 1449 esse
1305 1413 1441 1465 possit
1463 1414 1517 1465 1).
1593 1414 1678 1454 Sed

230 1485 539 1541 explicandum
572 1496 658 1536 est,
702 1486 815 1541 quod
854 1487 972 1536 dixi,
1014 1486 1203 1526 codicem
1235 1487 1552 1539 parisiensem,
1597 1491 1678 1530 etsi

229 1563 575 1617 antiquissimum
608 1573 650 1604 et
692 1565 894 1604 universe
930 1564 1255 1618 integerrimum
1301 1566 1433 1620 (saepe
1477 1567 1591 1606 enim
1634 1568 1680 1607 in

229 1641 550 1694 comparatione
589 1649 632 1680 et
668 1639 933 1680 Ber-nensem
976 1648 1018 1680 et
1064 1642 1200 1680 tertiae
1239 1641 1416 1683 familiae
1460 1644 1677 1698 principes

228 1714 397 1768 vincit,)
433 1726 575 1758 tamen
609 1720 756 1772 paucis
788 1716 1041 1773 quibusdam
1075 1717 1197 1768 locis,
1229 1720 1299 1773 qui
1321 1718 1528 1760 facillime
1549 1735 1681 1775 agno-

229 1802 426 1844 scantur,
483 1796 712 1835 manifesto
759 1793 1062 1849 interpolatum
1109 1808 1228 1854 esse,
1270 1811 1346 1850 pro
1381 1807 1581 1852 corrupta
1615 1813 1680 1839 ar-

230 1871 399 1926 chetypi
439 1873 654 1926 scriptura
693 1871 926 1912 substituta
957 1872 1202 1912 coniectura
1233 1873 1409 1921 audaci3
1445 1875 1556 1928 quod
1575 1890 1679 1918 sane

233 1950 387 1990 mirum
420 1957 485 1988 est
520 1950 563 1989 in
595 1948 673 1990 illo
704 1948 876 1999 seculo,
915 1962 1000 1989 non
1036 1950 1349 1990 accommodari
1382 1949 1536 1990 leviter
1569 1952 1681 1992 inter

233 2039 279 2067 se
310 2025 443 2067 verba
477 2026 737 2080 depravata,
780 2025 855 2067 sed
898 2026 1054 2066 mutari
1087 2024 1282 2067 licenter.
1340 2026 1484 2081 Atque
1519 2026 1563 2068 hi
1595 2028 1679 2069 loci

234 2101 442 2144 hactenus
489 2103 701 2159 Hervagii
746 2103 1043 2158 Naugeriique
1089 2101 1174 2143 fide
1220 2103 1481 2155 edebantur,
1527 2113 1593 2156 et,
1644 2108 1681 2147 si

326 2222 414 2257 teris
442 2227 516 2265 c5t3
544 2222 758 2268 Hei-vegius
787 2221 921 2257 edidit:
949 2223 1059 2256 otium
1082 2223 1186 2265 serre
1212 2223 1305 2257 male
1331 2224 1513 2264 videatur,
1542 2236 1583 2258 ex
1608 2237 1679 2270 quo

296 2286 303 2292 ⁸
326 2284 565 2317 Camerarius
593 2283 703 2325 fecit,
748 2285 843 2328 quod
870 2284 1034 2317 Ort-llius
1061 2284 1253 2329 amplexus
1281 2288 1354 2326 cst,
1381 2285 1538 2330 vulgato
1567 2287 1680 2320 etiam

323 2343 449 2388 peius,
486 2343 596 2376 otium
616 2345 700 2384 sere
724 2344 829 2377 malle
852 2343 1030 2379 videatur.

254 2405 292 2447 ¹)
317 2405 467 2438 selecta
492 2405 659 2449 quaedum
686 2415 729 2438 ex
756 2405 839 2438 aliis
875 2405 1058 2448 capitibus
1085 2405 1145 2438 hic
1181 2403 1415 2448 praecipiam,
1450 2417 1553 2451 quoe,
1595 2406 1682 2451 quia

325 2465 471 2499 minora
498 2466 648 2498 exclusa
676 2470 773 2505 sunt,
796 2465 945 2499 facilius
973 2467 1052 2499 sex-c
1080 2465 1245 2498 animum
1271 2471 1516 2500 commovent.
1559 2467 1596 2500 C.
1624 2467 1681 2508 18,

319 2525 378 2566 40,
405 2537 484 2570 quae
507 2525 624 2559 verba
648 2525 766 2559 Paris.
797 2526 948 2567 omittit,
975 2535 1018 2559 ca
1043 2524 1242 2559 Bcrnensis
1269 2525 1408 2567 habet3
1433 2539 1465 2562 c.
1491 2525 1547 2567 24,
1573 2526 1618 2560 51
1638 2528 1678 2560 1’.

325 2585 419 2618 inter
454 2596 570 2619 meum
605 2585 796 2619 dt'scrimen
833 2591 868 2620 et
903 2598 1022 2620 eorum
1055 2587 1242 2630 proeclam,
1289 2587 1331 2619 B.
1370 2585 1461 2618 inter
1495 2597 1609 2618 mcum
1647 2590 1681 2617 ct

328 2656 430 2678 suum
457 2657 480 2678 α
509 2647 659 2689 ρνιεάας
696 2658 802 2681 voces
840 2651 875 2681 et
908 2647 994 2680 Piso
1031 2658 1145 2691 gener
1175 2648 1290 2680 habet
1315 2649 1415 2679 recte
1442 2644 1506 2685 R,
1543 2645 1683 2679 omittit

328 2704 397 2744 B.;
432 2716 462 2738 c.
499 2705 569 2747 25,
605 2706 652 2741 55
676 2708 716 2741 P.
741 2709 920 2750 suerunt,
950 2709 1090 2747 dicam,
1122 2709 1166 2742 B.
1191 2708 1370 2749 sacrun&
1404 2717 1433 2738 c.
1460 2703 1526 2744 30,
1565 2705 1610 2738 61
1638 2705 1679 2738 Ρ.

327 2775 488 2808 querere,
513 2765 557 2800 B.
589 2773 837 2810 quererentur,
865 2767 933 2809 36,
968 2768 1015 2802 '78
1038 2769 1077 2802 P.
1109 2769 1189 2801 trib.
1214 2766 1330 2811 pleb.,
1370 2767 1414 2799 B.
1448 2769 1596 2807 proetor,
1623 2765 1682 2807 51,

327 2825 397 2858 11⁰
423 2826 463 2859 Ρ.
493 2837 516 2858 α
541 2829 598 2864 te,
624 2826 669 2860 R.
687 2832 772 2860 attoe
789 2828 962 2863 iuvabant
976 2833 1241 2873 anangnostae5
1266 2827 1340 2860 ibd.
1359 2826 1400 2860 Ρ.
1421 2826 1456 2859 in
1475 2836 1538 2870 spe
1563 2837 1682 2860 rerum

326 2896 518 2928 novarum,
555 2887 598 2919 R.
627 2897 700 2921 om.
726 2898 799 2931 spe.

1345 2955 1415 2989 27-
