1981 3390
437 240 532 290 130

368 363 469 405 dum
495 362 694 402 incautus
729 366 817 410 est,
858 359 933 400 sed
966 359 1238 414 apertissime
1272 368 1314 400 et
1352 359 1482 415 plane
1518 359 1571 402 ad
1602 359 1814 415 regulam,

365 438 633 483 Mithridatis
666 439 811 492 copias
840 451 866 477 a
895 435 1149 478 Mithridate
1180 435 1381 478 obsessas
1412 437 1572 489 fuisse,
1602 445 1815 480 narratur.

365 519 503 574 Atqui
526 517 670 572 ipsum
700 514 810 555 illud
841 512 1022 554 verbum
1045 523 1264 570 receptum
1291 529 1316 556 a
1333 514 1518 556 Grutero
1549 524 1615 556 est
1640 530 1699 557 ex
1721 514 1815 557 illis

369 595 537 638 duobus
567 591 743 635 familiae
778 590 1046 631 Germanicae
1082 591 1227 640 codd.;
1259 592 1326 633 his
1359 593 1523 634 accedit
1554 595 1706 635 tertius
1738 593 1818 635 Er·-

368 674 494 719 furt.;
533 671 584 710 de
626 675 777 723 quarto
817 675 860 706 et
904 668 1075 721 quinto,
1118 667 1214 709 Col.
1255 678 1298 710 et
1327 669 1590 722 Dresdensi,
1624 679 1814 712 tacetur.

370 750 485 791 Tum
512 746 622 787 illud
655 744 837 786 verbum
872 752 995 784 vetus
1026 743 1283 785 scholiastes
1315 745 1446 786 habet
1476 747 1634 789 leviter
1666 763 1812 790 corru-

367 835 512 882 ptum3
546 825 770 878 estipsum
799 823 1114 870 rectissimum3
1144 823 1256 878 quod
1288 824 1402 864 enim
1434 824 1561 865 modo
1594 823 1718 865 finito
1751 826 1816 866 di-

369 905 552 946 cendum
590 909 704 943 erat:
759 903 894 954 copz'ae
932 898 1212 941 Mithridatis
1252 905 1478 942 instructoe
1520 907 1672 954 erant,
1716 901 1818 944 urbe

369 979 659 1030 obsidebatur,
690 976 862 1018 infinito
904 975 974 1019 fit:
1014 976 1438 1030 instructas-fuisse,
1472 979 1681 1021 obsessam
1709 993 1816 1021 esse.

371 1058 614 1102 Omittendi
657 1070 750 1112 quae
781 1055 913 1097 fuerit
958 1069 1116 1106 causa,
1158 1063 1279 1110 patet
1317 1058 1507 1098 maxime
1546 1071 1606 1098 ex
1646 1056 1816 1098 duobus

369 1137 492 1180 codd.
535 1135 683 1186 Oxx.‚
723 1135 768 1175 in
807 1132 962 1189 quibus
1004 1133 1197 1174 additum
1237 1142 1302 1174 est
1342 1134 1508 1175 deletas·
1539 1133 1706 1186 (fuisse
1738 1134 1816 1189 d.)‚

369 1230 431 1257 ex
456 1228 540 1270 quo
573 1212 729 1254 deinde
758 1212 920 1252 factum
950 1209 1004 1251 ab
1023 1209 1122 1251 aliis
1144 1224 1235 1251 esse
1252 1211 1432 1252 deletae.
1487 1211 1588 1253 Non
1618 1211 1818 1253 ferebant

367 1294 415 1334 in
441 1290 659 1332 laudando
690 1287 877 1329 Lucullo
910 1286 1101 1328 describi
1142 1302 1287 1328 rerum
1319 1296 1502 1337 statum3
1540 1289 1708 1330 narrari
1739 1288 1818 1330 ali-

370 1370 471 1426 quid
502 1375 674 1424 gestum
707 1364 941 1427 volebant,
979 1373 1028 1405 ut
1056 1363 1199 1406 voluit
1229 1367 1359 1406 etiam
1391 1365 1662 1407 Heumanus.
1731 1366 1818 1410 Sed

370 1447 500 1490 obliti
531 1453 656 1495 sunt,
695 1444 810 1485 idem
854 1442 951 1484 fieri
987 1444 1032 1483 in
1077 1445 1281 1497 proximo
1324 1443 1516 1484 membro
1550 1443 1714 1494 (urbem
1746 1444 1818 1485 ob-

370 1538 527 1567 sessam
560 1524 686 1576 esse),
715 1529 807 1562 tum
839 1521 1012 1562 demum
1041 1520 1197 1561 subiici
1229 1521 1390 1562 factum
1420 1519 1610 1562 Luculli.

491 1600 541 1643 C.
573 1603 627 1651 9,
654 1600 724 1640 24.
789 1598 1032 1640 Ostendere
1055 1598 1124 1640 hic
1155 1598 1277 1640 locus
1309 1608 1468 1654 potest,
1503 1613 1631 1654 quam
1645 1599 1817 1639 incaute

371 1682 609 1724 lectionum
648 1679 882 1719 auctoritas
925 1690 1040 1732 saepe
1075 1679 1368 1718 examinetur.
1430 1674 1651 1717 Edebatur
1683 1677 1820 1718 enim:

371 1767 417 1802 et
443 1761 613 1813 magnis·
641 1755 896 1797 adventitiis
920 1753 1152 1796 'multorum
1183 1769 1331 1810 regum
1362 1760 1408 1795 et·
1434 1757 1656 1795 nationum
1684 1757 1820 1809 copiis

371 1837 628 1883 iuvabalur3
669 1849 822 1876 verum
856 1837 1016 1887 copiam
1053 1833 1165 1889 quod
1198 1834 1242 1874 in
1268 1831 1389 1873 nullo
1420 1847 1474 1873 ne
1505 1833 1693 1887 pessimo
1726 1833 1820 1887 qui-

372 1917 471 1958 dem
501 1914 648 1956 codice
683 1920 764 1963 est,
795 1920 915 1966 patet
948 1911 1140 1952 additum
1171 1925 1266 1952 esse
1300 1911 1353 1952 ad
1385 1910 1600 1950 defectum
1619 1909 1819 1951 substan-

372 1995 480 2046 tivi,
514 1991 626 2048 quod
666 1991 713 2030 in
757 1987 956 2030 omnibus
999 1988 1256 2044 vulgaribus
1299 1987 1421 2029 codd.
1466 1988 1700 2039 omittitur,
1740 2001 1820 2028 ex-

371 2071 592 2130 plendum.
656 2067 749 2112 Iam
781 2066 864 2108 hoc
897 2066 1219 2108 substantivum
1255 2065 1418 2106 habent
1447 2066 1636 2106 omnium
1670 2066 1820 2121 optimi

373 2158 577 2206 quattuor
618 2146 812 2196 codices,
858 2153 900 2184 et
941 2147 1211 2200 aptissimum
1254 2153 1296 2185 et
1326 2143 1440 2195 tale,
1473 2143 1587 2198 quod
1616 2152 1715 2198 post
1745 2143 1821 2184 ad-

373 2229 571 2270 ventitiis
608 2231 785 2278 propter
825 2222 1013 2263 similem
1048 2224 1217 2263 exitum
1249 2222 1454 2262 excidere
1485 2219 1692 2269 facillime
1722 2235 1821 2275 pos·

374 2313 441 2347 set
478 2303 752 2354 (adventitiis
784 2300 1006 2351 auxiliis).
1087 2299 1143 2338 Et
1174 2306 1316 2338 tamen
1352 2312 1411 2337 ex
1441 2298 1689 2337 coniectura
1721 2295 1820 2338 Itali

375 2382 623 2431 cuiusdam,
667 2391 751 2433 qua
782 2378 819 2417 is
853 2376 1114 2416 deteriorum
1149 2375 1269 2415 codd.
1306 2375 1562 2429 scripturam
1592 2375 1821 2416 emendare

374 2461 542 2511 voluit,
587 2457 828 2505 adiectivo,
873 2453 982 2509 quod
1028 2453 1200 2503 aderat,
1241 2454 1283 2493 in
1323 2451 1667 2503 substantivum,
1709 2453 1822 2508 quod

375 2540 527 2581 deesse
573 2533 814 2584 sentiebat,
864 2540 1051 2581 mutato,
1114 2545 1226 2571 nova
1270 2532 1517 2571 coniectura
1559 2528 1612 2571 ab
1651 2529 1821 2571 Orellio

375 2624 580 2666 tentatur,
612 2621 660 2654 ut
691 2611 842 2654 Cicero
874 2610 1132 2650 adiumentis
1164 2613 1316 2650 invare
1343 2610 1470 2650 dicat.

496 2692 545 2734 C.
576 2693 627 2741 9,
657 2692 727 2732 26.
801 2688 867 2731 De
910 2690 1074 2729 minuta
1111 2701 1157 2728 re
1198 2687 1351 2728 dicam.
1425 2687 1507 2727 Pro
1544 2689 1590 2725 iu
1620 2688 1711 2738 ipso
1745 2684 1821 2725 illo
1883 2735 1893 2740 ,-

377 2774 488 2814 malo
520 2769 658 2821 edidi,
695 2768 786 2810 cod.
816 2766 1139 2817 Erfnrtensem‚
1169 2766 1211 2806 id
1240 2774 1330 2816 est,
1362 2765 1570 2819 optimos,
1602 2761 1746 2803 Haun.
1781 2771 1820 2803 et

378 2851 471 2892 edd.
515 2857 648 2899 vett„
695 2847 737 2889 id
775 2854 865 2894 ost,
916 2844 1152 2886 deteriores
1196 2855 1371 2893 omnes,
1415 2849 1614 2890 secutus,
1659 2844 1705 2881 n'n
1747 2840 1823 2880 illo
