1981 3390
427 197 493 245 22

368 317 482 358 unde
521 331 564 373 p.
591 318 621 358 4
658 318 683 368 ξ
715 317 743 356 4
785 324 851 357 est
897 316 944 357 C.
969 299 1260 358 Proculus-uu
1294 329 1374 358 sua
1402 316 1550 371 Lyde,
1602 331 1643 372 p.
1674 325 1817 360 autem

368 398 422 437 11
447 399 471 447 ᾗ
490 397 567 438 43:
597 395 675 436 secl
701 400 746 436 etv
778 394 825 437 C.
842 394 1053 437 Proculus
1074 394 1380 437 Antimachum
1409 385 1579 438 seEutus
1608 400 1654 436 iu
1676 410 1818 452 opere,

371 473 487 529 quod
517 473 572 515 de
600 472 726 527 Lyde
755 479 801 514 et
828 476 921 527 ipse
957 471 1085 514 habet
1118 479 1284 514 centum
1323 478 1368 514 et
1407 474 1702 530 quadraginta
1735 476 1820 516 ele-

368 564 522 606 gorum
561 551 684 592 libris
695 565 709 598 ‚·
773 550 888 591 uude
919 551 1036 592 latus
1073 550 1363 592 Callimachus
1400 551 1444 592 C.
1479 554 1659 595 Melissa
1688 557 1736 594 in
1768 555 1821 594 lc·-

372 627 462 670 bris
492 632 683 668 iocorum
727 627 905 677 dicitur,
959 629 1005 668 in
1047 628 1203 683 quibus
1246 631 1430 684 scriptor
1467 638 1644 685 propter
1686 630 1818 672 molle

371 705 484 746 illud
520 703 780 745 Callimachi
823 705 906 744 iter
940 714 1242 759 argumentum
1280 692 1433 761 elegiae
1475 707 1673 750 Graecum
1716 710 1822 751 Pro-

375 782 475 823 culo
505 782 647 834 dedit,
699 781 775 823 sed
808 780 861 822 ab
891 781 1180 835 Antimacho,
1238 797 1325 824 non
1358 798 1384 824 a
1410 783 1680 827 Callimacho
1710 801 1825 828 sum·-

372 868 523 916 ptum‚
581 860 696 917 quod
729 859 934 901 Osannus
961 874 1089 916 quum
1118 861 1496 903 animadvertisset
1530 871 1572 904 et
1602 863 1726 904 docte
1758 878 1826 905 ar-

375 939 567 993 guisset,
621 938 877 994 corrigendo
916 937 1150 980 subvenire
1181 949 1360 981 conatus
1391 949 1470 981 est.
1535 940 1722 982 Omissis
1752 942 1825 984 de-

376 1017 479 1058 inde
519 1015 689 1058 duobus
722 1017 834 1072 apud
870 1016 1078 1058 Ovidium
1108 1017 1334 1069 versibus,
1364 1032 1425 1058 ex
1458 1033 1587 1059 versu
1615 1020 1692 1061 35:

550 1093 715 1136 Naidas
747 1109 774 1137 a
805 1095 971 1150 Satyris
999 1103 1173 1137 caneret
1202 1097 1424 1138 Fontanus
1455 1104 1635 1146 amatas,

378 1172 493 1229 apud
524 1171 760 1229 Apuleium
794 1174 1001 1228 scriptum
1034 1183 1099 1214 est
1125 1189 1169 1229 p.
1196 1176 1224 1215 4
1254 1177 1276 1226 ξ
1305 1176 1353 1216 4:
1413 1172 1505 1215 Sed
1537 1180 1582 1215 et
1609 1175 1679 1216 M.
1711 1172 1826 1217 Fon-

377 1255 507 1292 tanus
543 1255 592 1292 in
634 1249 911 1306 nympharum
954 1257 1000 1292 et
1037 1257 1278 1305 satyrorum
1319 1251 1533 1292 amoribus
1574 1261 1616 1292 et
1643 1268 1685 1307 p.
1716 1254 1771 1292 10
1802 1255 1826 1304 ξ

376 1329 456 1369 42:
521 1328 593 1369 M.
621 1328 850 1369 Fontanus
878 1332 925 1370 iu
957 1329 1233 1384 nympharum
1258 1335 1582 1384 satyrorumque
1613 1329 1828 1371 amoribus

378 1404 489 1446 libro
519 1405 617 1450 III.
715 1405 924 1462 Capella,
982 1409 1055 1463 qui
1094 1407 1297 1463 deinceps
1340 1416 1406 1449 est
1447 1408 1560 1462 apud
1602 1406 1832 1459 Ovidium,

378 1485 614 1537 omittitur3
647 1498 774 1540 quem
799 1471 944 1526 autem
971 1484 1172 1526 ultimum
1197 1485 1478 1527 vehementer
1504 1485 1668 1536 laudat,
1701 1484 1828 1527 Cotta

379 1562 496 1616 apud
531 1561 766 1618 Apuleium
805 1577 848 1618 p.
877 1564 906 1603 4
946 1564 970 1614 ᾖ
1000 1564 1028 1603 3
1062 1564 1250 1604 citatur:
1313 1562 1440 1604 Cotta
1483 1567 1529 1603 in
1573 1562 1825 1605 Pharsalico

381 1639 508 1682 bello.

501 1718 617 1761 Satis
659 1727 764 1774 puto
801 1733 861 1760 ex
892 1717 974 1760 hac
1001 1717 1230 1760 Ovidianae
1269 1717 1464 1774 epistolae
1507 1720 1828 1773 comparatione

387 1803 584 1851 apertum
611 1810 732 1847 esse,
784 1810 924 1852 neque
958 1795 1141 1838 collecta
1170 1795 1262 1837 haec
1291 1810 1386 1837 esse
1429 1810 1568 1851 neque
1609 1805 1830 1851 excerpta,

385 1873 484 1923 sed,
525 1868 638 1929 quod
667 1873 787 1923 dixi,
819 1871 948 1922 ficta;
1005 1875 1152 1929 itaque
1181 1873 1372 1929 reliquos
1403 1876 1635 1929 scriptores
1665 1872 1719 1914 ab
1750 1873 1831 1914 hoc

385 1949 561 1992 homine
593 1950 792 1991 laudatos
820 1952 1139 2006 persequendos
1173 1966 1259 1992 non
1290 1959 1394 2006 puto
1412 1953 1466 2005 ¹).
1529 1950 1752 2001 Restabat,
1784 1959 1833 2000 ut

384 2030 430 2070 in
462 2028 592 2070 rebus
625 2028 678 2070 ab
699 2043 750 2070 eo
774 2029 940 2070 traditis
968 2029 1128 2070 similia
1161 2043 1257 2070 esse
1282 2029 1446 2070 fraudis
1476 2030 1662 2085 vestigia
1689 2037 1832 2070 osten-

387 2106 548 2158 derem,
579 2108 665 2148 nisi
694 2106 738 2148 id
773 2107 850 2147 vix
879 2108 1171 2148 necessarium
1200 2121 1313 2148 nunc
1345 2107 1589 2155 videretur-3
1621 2115 1665 2147 et
1695 2108 1832 2148 omni-

389 2198 444 2225 no
474 2198 572 2226 raro
601 2198 671 2225 res
703 2186 892 2241 attingit,
920 2185 965 2225 in
994 2183 1240 2225 nominibus
1268 2183 1448 2232 ludens3
1477 2185 1552 2224 sed
1583 2192 1726 2225 tamen
1753 2186 1832 2225 mi-

388 2261 512 2304 rifica
545 2263 650 2303 satis
683 2271 808 2313 sunt,
870 2276 964 2318 quae
997 2263 1050 2303 de
1079 2262 1311 2303 lemulculu
1342 2262 1454 2315 (sive
1487 2262 1715 2303 lemulculo
1748 2263 1833 2303 dici

390 2339 518 2394 vult),
546 2348 674 2382 sexta
700 2340 955 2396 gladiatoris
987 2339 1146 2395 palma,
1180 2340 1309 2380 tradit
1328 2341 1412 2395 p.5
1438 2343 1460 2391 ᾗ
1484 2342 1537 2381 10
1570 2348 1613 2380 et
1643 2340 1696 2380 de
1722 2339 1832 2381 Cad-

390 2432 477 2471 mo,
507 2420 581 2475 qui
610 2417 763 2473 Pyrrhi
795 2419 961 2460 cineres
990 2418 1281 2473 dissipaverit,
1312 2433 1353 2473 p.
1385 2418 1413 2458 '7
1445 2419 1468 2469 ᾖ
1497 2420 1577 2470 16,
1608 2427 1651 2459 et
1675 2419 1832 2474 ipsum,

416 2576 454 2622 1)
480 2577 605 2623 Quum
630 2574 784 2611 Ovidius
817 2574 933 2610 Trist.
962 2576 1023 2618 lv,
1049 2575 1106 2618 10,
1131 2576 1177 2610 47
1211 2574 1408 2610 Ponticum
1446 2578 1483 2609 ct
1518 2574 1675 2609 Bassum
1711 2573 1834 2609 dulcia

484 2638 667 2672 convictus
690 2637 845 2671 membra
869 2636 986 2671 fuisse
1015 2638 1073 2671 sui
1095 2637 1313 2682 scripsisset,
1345 2636 1381 2670 in
1409 2637 1551 2680 aliquot
1576 2639 1702 2670 nutem
1727 2634 1832 2669 codd.

485 2702 658 2744 corrupte
674 2700 865 2745 legeretur
886 2700 1032 2739 Battus,
1059 2699 1147 2734 hinc
1172 2702 1320 2733 exortus
1345 2700 1399 2731 cst
1425 2697 1478 2741 (p.
1495 2696 1550 2731 10.
1570 2699 1591 2738 §
1609 2696 1682 2739 43)
1699 2696 1832 2730 Battus

484 2761 657 2795 iambicus
676 2765 787 2805 poeta
815 2761 937 2794 Ovidii
962 2760 1252 2801 contubernalis,
1301 2762 1338 2793 ct
1373 2760 1420 2793 ab
1446 2758 1594 2792 Osanno
1622 2760 1832 2799 exornatus.

483 2823 545 2868 qui
573 2823 740 2859 Groecum
763 2822 799 2858 id
823 2834 898 2858 csso
925 2833 1070 2863 nomen,
1097 2832 1169 2857 non
1194 2820 1380 2859 Latinum.v
1405 2819 1543 2855 oblitus
1568 2822 1631 2853 cst.
