1981 3390
1442 255 1541 304 219

163 378 276 416 inter
292 389 340 417 se
358 374 589 417 habebant.
642 372 812 414 Deinde
842 372 1096 428 plerumque
1125 373 1190 412 11ae
1207 373 1406 413 civitates
1433 373 1606 428 publico

163 452 340 494 foedere
371 453 544 494 sociatae
561 452 804 491 communia
823 450 1006 490 concilia
1023 464 1117 490 cum
1138 450 1439 508 communione
1463 449 1610 505 aliqua

163 543 383 571 sacrorum
414 527 685 584 publicorum
715 528 942 568 coniuncta
962 526 1156 575 obibant,
1185 528 1461 581 maximeque
1493 526 1610 568 bella

165 607 405 648 coniunctis
440 603 606 645 viribus
637 603 870 658 gerebant,
903 613 949 644 ut
981 604 1123 659 praeda
1153 606 1197 644 in
1227 618 1452 645 commune
1486 605 1610 644 cede-

162 692 251 731 ret3
302 697 382 723 nec
422 690 567 722 tamen
617 681 802 735 singulte
855 683 1055 722 civitates
1100 681 1472 736 impediebantur,
1525 696 1608 736 quo

163 761 305 800 minus
335 774 414 800 sua
445 773 640 800 seorsum
671 758 853 799 consilia
884 767 1101 814 caperent,
1130 767 1177 798 ut
1201 758 1337 799 multa
1353 758 1607 799 Latinorum

163 837 372 892 exempla
426 837 672 877 ostendunt.
754 835 866 876 Nam
918 837 1174 877 Latinorum
1229 844 1271 875 et
1321 835 1609 876 Hernicorum

162 916 364 955 civitates
397 914 478 954 hoc
510 914 637 954 modo
671 913 920 952 coniunctas
953 913 1089 952 fuisse
1121 913 1391 952 notissimum
1420 921 1509 960 θείς
1543 927 1610 952 ce-

164 993 303 1032 terum
347 999 390 1030 et
429 990 481 1030 ad
516 989 700 1030 Etruriae
740 987 925 1043 populos
970 987 1051 1028 hoc
1089 989 1279 1042 pertinet
1319 997 1362 1029 et
1404 987 1492 1028 late
1528 988 1610 1029 hoc

163 1081 302 1122 genus
328 1074 446 1122 patet
475 1081 551 1121 per
582 1080 752 1107 omnem
784 1064 973 1106 ltaliam.
1036 1065 1178 1106 Extra
1211 1065 1301 1106 haec
1330 1066 1508 1106 foedera
1534 1079 1610 1105 au-

166 1153 252 1186 tem
297 1145 483 1200 singulae
525 1145 724 1185 civitates
763 1142 893 1197 plane
936 1142 989 1183 ab
1021 1142 1118 1184 aliis
1148 1144 1370 1198 diremptae
1412 1151 1455 1183 et
1487 1143 1611 1197 quasi

165 1224 428 1263 circumcisae
455 1231 591 1263 erant.
650 1222 884 1274 Peregrini
900 1219 1111 1270 homines,
1138 1222 1208 1275 qui
1227 1221 1464 1275 antiquitus
1479 1220 1611 1260 iidem

165 1297 306 1339 hostes
336 1298 683 1354 appellabantur,
715 1306 918 1352 tanquam
943 1298 1126 1338 diversae
1148 1306 1327 1347 naturae,
1356 1298 1400 1336 in
1430 1297 1612 1351 privatis

165 1375 295 1416 rebus
319 1376 371 1416 ad
392 1390 466 1416 eas
491 1377 597 1416 iuris
619 1375 785 1429 species
810 1389 894 1415 non
910 1373 1261 1425 admittebantur,
1287 1387 1380 1429 quae
1405 1374 1612 1427 cuiusque

166 1454 355 1493 civitatis
398 1454 582 1507 propriae
623 1459 746 1492 erant
791 1452 842 1492 ad
889 1465 978 1492 suae
1013 1453 1220 1506 cuiusque
1259 1452 1321 1490 rei
1358 1450 1612 1490 custodiam.

164 1528 316 1584 Itaque
360 1531 576 1569 communi
619 1529 803 1583 quadam
854 1530 1056 1583 aequitate
1111 1527 1478 1577 defendebantur,
1529 1540 1614 1581 qua

163 1620 324 1661 paucos
357 1607 658 1661 antiquissimo
688 1615 881 1657 tempore
915 1604 1102 1646 confisos
1141 1619 1236 1645 esse
1265 1602 1492 1657 probabile
1535 1611 1615 1651 est,

165 1685 227 1724 ita
254 1691 303 1723 ut
329 1697 428 1724 raro
454 1685 629 1724 omnino
661 1697 731 1724 res
757 1683 1034 1738 rationesque
1068 1685 1180 1723 inter
1207 1682 1477 1722 diversarum
1509 1680 1616 1720 civi-

167 1769 302 1802 tatum
334 1760 532 1802 homines
565 1760 937 1802 contraherentur.
995 1760 1154 1800 Postea
1186 1759 1278 1800 haec
1309 1760 1354 1799 in
1387 1758 1615 1798 certiorem

166 1838 351 1879 formam
377 1838 552 1878 redacta
584 1846 626 1878 et
659 1852 773 1878 nova
808 1839 915 1878 iuris
946 1839 1144 1878 instituta
1172 1836 1279 1877 >hinc
1313 1835 1426 1890 apud
1456 1834 1615 1876 Roma-

168 1929 247 1956 nos
277 1924 372 1956 orta
403 1923 517 1955 sunt.
581 1914 673 1955 Nec
702 1914 963 1955 familiarum
997 1927 1139 1954 nexus
1171 1915 1308 1962 iuste,
1356 1912 1398 1951 id
1430 1920 1520 1959 est,
1554 1911 1617 1949 ita

169 1999 217 2032 ut
257 1991 386 2032 liberi
426 1999 594 2045 patrem
629 2000 913 2045 sequerentur
950 1993 1148 2044 interque
1189 2002 1262 2028 eos
1304 1989 1454 2042 patriae
1496 1994 1616 2041 pote-

169 2070 318 2118 statis,
351 2067 520 2117 tutelae,
547 2066 800 2107 hereditatis
829 2069 924 2106 iura
955 2074 1216 2116 constarent,
1248 2078 1342 2105 cum
1373 2064 1616 2118 peregrinis

171 2143 550 2187 contrahebantur.
639 2145 757 2185 Fieri
812 2152 955 2184 tamen
1009 2151 1204 2199 poterat,
1266 2149 1313 2181 ut
1367 2139 1617 2182 foederibus

170 2223 371 2264 ineundis
401 2225 516 2263 inter
548 2223 748 2262 civitates
782 2235 866 2261 non
897 2235 948 2261 eo
979 2221 1132 2270 modo,
1180 2232 1262 2274 quo
1297 2218 1477 2259 Latinas
1508 2217 1619 2266 dixi,

170 2302 339 2341 iunctas
367 2300 612 2341 communio
638 2298 785 2353 aliqua
812 2299 947 2339 maior
978 2299 1085 2338 iuris
1114 2297 1272 2351 privati
1295 2295 1616 2343 concederetur,

261 2489 432 2533 exemplo
458 2489 699 2529 confirmem,
739 2499 818 2533 quae
854 2487 966 2532 paulo
1000 2489 1086 2520 ante
1121 2483 1219 2525 dixi,
1253 2486 1377 2518 tantus
1403 2483 1476 2518 fuit
1501 2495 1619 2523 error,

265 2552 307 2582 ut
338 2548 417 2592 ipse
449 2549 706 2593 Montesquius
745 2560 816 2583 non
853 2550 975 2582 solum
1014 2546 1180 2592 putarit,
1221 2544 1450 2589 municipes,
1488 2544 1551 2588 qui
1575 2545 1620 2575 dc

264 2608 414 2653 legibus
438 2621 523 2653 pop.
553 2611 664 2643 Rom.
690 2609 925 2654 privatarum
955 2619 1082 2642 rerum
1108 2605 1292 2650 suffragia
1317 2606 1459 2638 ferrent
1485 2615 1620 2647 easque

263 2668 553 2710 constituerent,
589 2669 687 2714 ipsos
729 2671 841 2714 plane
875 2669 951 2703 alio
975 2669 1056 2702 iure
1080 2678 1166 2700 usos
1192 2677 1291 2707 esse,
1327 2676 1456 2698 verum
1485 2664 1517 2696 id
1547 2676 1617 2696 non

265 2729 427 2763 absurde
451 2729 662 2763 institutum
690 2730 827 2771 fuisse,
865 2733 1020 2764 conatus
1040 2728 1088 2762 eit
1111 2727 1316 2761 ostendere.
1375 2726 1430 2757 lta
1455 2725 1615 2757 abutun-

266 2792 329 2822 tur
361 2789 534 2823 acumine
566 2791 626 2823 vel
660 2790 844 2836 ingeniosi
878 2790 1069 2828 hominm,
1108 2787 1172 2832 qui
1208 2786 1260 2821 rei
1290 2796 1363 2819 uon
1402 2784 1492 2818 satis
1527 2788 1618 2818 notae

267 2848 522 2884 laudationem
552 2850 769 2894 suscipiunt.
1058 2853 1069 2869 ³
