1981 3390
431 253 530 302 308

366 378 531 417 incerta
572 383 717 417 essent
762 376 910 416 critica
949 373 1142 416 subsidia
1174 377 1217 416 in
1251 375 1442 417 Lucretii
1474 374 1624 426 libris,
1663 390 1811 432 quam·-

365 468 447 509 que
477 453 629 494 horum
659 454 871 508 scriptura
902 452 1050 493 multis
1079 453 1188 494 locis
1215 452 1359 494 dubia.
1417 453 1488 492 Ex
1514 453 1580 493 his
1613 455 1812 508 quaestio—

364 530 492 571 nibus
524 539 624 571 nata
657 538 778 580 sunt,
818 543 912 583 quae
942 529 1022 568 hac
1053 529 1200 570 oblata
1239 529 1454 570 scribendi
1493 531 1720 570 occasione
1752 531 1814 570 ita

362 608 558 662 proferre
598 607 801 647 constitui
847 606 898 644 de
941 603 1108 645 duobus
1149 607 1340 646 maxime
1373 606 1567 647 Lucretii
1596 607 1732 657 locis,
1764 614 1814 646 ut

364 684 493 724 simul
527 684 577 723 ad
609 683 801 722 codicum
831 681 1189 723 Lucretianorum
1223 684 1472 724 universam
1517 685 1813 725 condicionem

360 759 705 814 perspiciendam
736 759 995 812 pertineant.

486 835 521 876 I.
569 835 617 875 C.
662 835 855 876 Orellius
898 836 996 876 ante
1038 834 1204 889 aliquot
1250 849 1385 876 annos
1429 839 1623 892 scripsit,
1666 852 1815 879 omnes

361 913 555 953 Lucretii
585 914 786 953 carminis
807 913 976 953 codices
997 912 1120 953 nobis
1141 922 1264 954 notos
1279 943 1290 964 ,
1321 914 1505 955 fortasse
1524 928 1608 954 uno
1629 923 1816 969 excepto

364 989 687 1045 Gottorpiensi‚
731 991 803 1044 qui
842 998 1007 1030 tantum
1047 988 1205 1029 librum
1248 992 1434 1043 primum
1474 1000 1517 1031 et
1547 999 1715 1046 partem
1749 1005 1816 1031 se-

364 1068 492 1108 cundi
525 1068 716 1107 continet
758 1081 838 1107 nec
871 1068 977 1107 satis
1022 1075 1218 1106 accurate
1266 1066 1450 1107 collatus
1495 1076 1586 1117 est,
1631 1082 1690 1108 ex
1728 1081 1815 1108 uno

364 1145 510 1199 aliquo
542 1145 687 1185 codice
721 1144 957 1196 descriptos
996 1156 1091 1183 esse
1135 1143 1218 1183 sibi
1251 1144 1388 1184 videri
1410 1144 1464 1196 ¹).
1526 1143 1717 1185 Difficile
1751 1153 1816 1184 est

361 1222 414 1263 de
445 1221 512 1261 his
545 1221 764 1262 codicibus
794 1222 1007 1262 rationem
1040 1219 1236 1270 reddere,
1271 1221 1383 1274 quod
1417 1235 1469 1260 ne
1498 1221 1815 1275 Lugdunenses

364 1299 565 1354 quidem,
595 1306 692 1352 post
721 1296 1071 1351 Gottorpiensem
1104 1298 1314 1349 optimos,
1344 1297 1689 1352 Havercampius
1719 1296 1817 1337 dili-

362 1383 515 1430 genter
545 1374 766 1424 adhibuit,
805 1373 1044 1414 Lambinus
1087 1382 1231 1414 autem
1271 1375 1323 1414 de
1361 1376 1450 1415 suis
1486 1374 1706 1415 codicibus
1737 1388 1816 1429 pro

360 1453 481 1494 illius
512 1453 650 1493 aetatis
682 1465 801 1492 more
829 1466 979 1507 parum
1014 1460 1213 1492 accurate
1240 1451 1430 1502 tradidit,
1461 1452 1513 1492 de
1543 1452 1815 1506 superiorum

363 1545 468 1571 vero
500 1531 713 1570 editorum
754 1528 972 1569 codicibus
1002 1527 1130 1580 plane
1173 1527 1281 1568 nihil
1316 1537 1494 1569 constat.
1552 1529 1639 1569 Sed
1670 1536 1814 1568 tamen

362 1610 409 1648 in
442 1607 550 1647 locis
582 1607 794 1660 corruptis
823 1607 883 1645 ita
914 1607 1161 1660 conspirant
1191 1614 1233 1645 et
1266 1607 1513 1660 conspirant
1544 1607 1587 1646 in
1616 1606 1670 1645 iis
1698 1619 1815 1645 men-

363 1685 457 1735 dis,
492 1698 584 1739 quae
615 1692 781 1723 tantum
812 1697 868 1723 ex
901 1684 1138 1723 communis
1170 1683 1391 1737 archetypi
1418 1686 1628 1736 scriptura
1658 1690 1731 1722 aut
1760 1681 1814 1722 ad

363 1762 597 1820 legendum
631 1759 798 1801 difficili
832 1769 905 1801 aut
946 1762 1030 1800 iam
1071 1769 1271 1814 corrupta
1312 1770 1405 1801 orta
1444 1761 1587 1815 putari
1635 1760 1817 1815 possint,

362 1848 410 1879 ut
437 1853 587 1880 verum
620 1837 728 1878 illud
764 1851 860 1878 esse
894 1836 1083 1877 dubitari
1117 1846 1328 1892 nequeat,
1361 1837 1567 1892 nullaque
1600 1838 1655 1877 sit
1686 1850 1817 1877 causa

363 1916 716 1971 Gottorpiensem
761 1915 1035 1970 excipiendi,
1075 1916 1144 1954 cui
1185 1929 1244 1955 ex
1289 1916 1444 1955 ceteris
1488 1915 1716 1967 proximus
1750 1923 1816 1954 est

359 1994 668 2050 Lugdunensis
702 1993 764 2041 is,
810 1993 883 2046 qui
918 1992 950 2032 Z
983 1991 1113 2032 litera
1149 1992 1262 2047 apud
1296 1991 1664 2045 Havercampium
1696 1998 1817 2031 nota-

364 2081 432 2112 tur
450 2073 509 2120 2).
572 2071 738 2111 Verum
770 2083 830 2108 ex
863 2070 916 2108 iis
949 2068 1195 2120 codicibus,
1230 2071 1302 2124 qui
1333 2068 1386 2109 ab
1420 2068 1498 2109 illo
1532 2070 1671 2123 primo
1697 2068 1816 2108 fonte

363 2149 548 2189 derivati
579 2154 728 2197 erant,
772 2160 952 2200 quorum
999 2145 1079 2187 alii·
1116 2148 1256 2202 magis
1295 2149 1509 2202 integram
1549 2145 1669 2187 illius
1713 2146 1818 2186 scri-

392 2309 430 2351 1)
457 2308 499 2341 In
532 2307 652 2341 lahnii
679 2307 887 2341 Annalibus
907 2308 1048 2342 Philol.
1076 2309 1167 2350 111,
1192 2312 1224 2343 4.
1254 2323 1287 2354 p.
1315 2309 1361 2343 86
1388 2313 1463 2342 not.

389 2368 429 2410 2)
455 2366 696 2412 Apertissime
723 2378 780 2400 res
807 2362 1032 2411 perspicitur
1061 2379 1102 2401 ex
1139 2380 1248 2402 versu
1284 2370 1368 2402 libr.
1396 2369 1433 2408 1,
1460 2367 1553 2408 658,
1579 2367 1640 2412 qui
1671 2367 1708 2401 in
1736 2368 1816 2401 cod.

458 2428 629 2470 Gottorp.
659 2431 696 2460 et
720 2427 839 2471 Lugd.
873 2428 899 2459 Z
925 2427 977 2460 sic
1005 2428 1200 2461 scribitur:
1229 2429 1300 2461 Sed
1325 2429 1408 2471 qm'a
1434 2429 1548 2460 multa
1575 2428 1644 2460 sibi
1668 2431 1818 2460 cernunt

458 2488 664 2526 contraria,
690 2499 773 2525 mu,
801 2486 852 2519 ita
878 2491 918 2519 ut
946 2491 1094 2531 pateat,
1144 2493 1348 2521 extremam
1376 2499 1505 2521 vocem
1540 2488 1574 2520 in
1611 2489 1816 2531 archetypo

456 2548 536 2595 legi
563 2559 633 2582 non
662 2546 849 2592 potuisse3
886 2546 970 2579 inde
996 2547 1030 2580 in
1071 2549 1203 2582 ceteris
1230 2548 1418 2582 codicibus
1448 2548 1588 2581 sactum
1616 2553 1668 2582 est
1693 2559 1815 2588 musae,

458 2613 669 2643 correctum
707 2608 753 2641 ab
793 2607 997 2640 editoribus
1032 2614 1217 2649 mussant,
1264 2620 1335 2653 quo
1374 2610 1473 2643 sacto
1514 2610 1746 2654 cogebantur
1781 2609 1818 2642 in

461 2672 536 2705 fine
564 2680 692 2704 versus
716 2667 786 2703 659
819 2667 1043 2711 particulam
1072 2673 1106 2702 et
1134 2670 1293 2710 addcre3
1329 2669 1365 2702 in
1402 2670 1656 2704 recentissimo
1690 2674 1816 2704 nutem

459 2730 678 2777 apographo
704 2728 890 2763 Pooriauo
917 2729 1035 2773 (apud
1059 2730 1226 2773 Wnkes.)
1253 2735 1289 2763 et
1314 2730 1350 2763 in
1380 2731 1460 2764 edd.
1488 2735 1577 2764 vett.
1607 2733 1661 2763 est
1685 2731 1814 2767 inesse,

457 2792 555 2837 quod
581 2789 729 2825 Wakef.
756 2788 793 2822 in
816 2792 919 2822 textu
947 2789 1080 2833 posuit,
1108 2802 1153 2825 ne
1179 2795 1306 2836 aptum
1334 2791 1485 2836 quidem
1512 2791 1691 2831 verbum3
1718 2789 1816 2834 (ipse

458 2854 748 2898 interpretatur,
784 2848 970 2882 contraria
995 2851 1102 2892 csse).
