<?xml version="1.0" encoding="UTF-8"?>
<!DOCTYPE html PUBLIC "-//W3C//DTD XHTML 1.0 Transitional//EN"
    "http://www.w3.org/TR/xhtml1/DTD/xhtml1-transitional.dtd">
<html xmlns="http://www.w3.org/1999/xhtml" xml:lang="en" lang="en">
 <head>
  <title>
</title>
<meta http-equiv="Content-Type" content="text/html;charset=utf-8" />
  <meta name='ocr-system' content='tesseract 3.04.00' />
  <meta name='ocr-capabilities' content='ocr_page ocr_carea ocr_par ocr_line ocrx_word'/>
</head>
<body>
  <div class='ocr_page' id='page_1' title='image "./ionicolaimadvigi01madvuoft_0532.png"; bbox 0 0 1981 3390; ppageno 0'>
   <div class='ocr_carea' id='block_1_1' title="bbox 443 221 543 269">
    <p class='ocr_par' dir='ltr' id='par_1_1' title="bbox 443 221 543 269">
     <span class='ocr_line' id='line_1_1' title="bbox 443 221 543 269; baseline 0 -1"><span class='ocrx_word' id='word_1_1' title='bbox 443 221 543 269; x_wconf 72' lang='lat'>518</span> 
     </span>
    </p>
   </div>
   <div class='ocr_carea' id='block_1_2' title="bbox 375 337 1848 2848">
    <p class='ocr_par' dir='ltr' id='par_1_2' title="bbox 375 337 1841 1848">
     <span class='ocr_line' id='line_1_2' title="bbox 377 337 1819 395; baseline 0 -14"><span class='ocrx_word' id='word_1_2' title='bbox 377 341 667 382; x_wconf 82' lang='lat' dir='ltr'>narrationem</span> <span class='ocrx_word' id='word_1_3' title='bbox 697 347 870 380; x_wconf 83' lang='lat' dir='ltr'>senatus</span> <span class='ocrx_word' id='word_1_4' title='bbox 909 347 957 379; x_wconf 90' lang='lat' dir='ltr'>ut</span> <span class='ocrx_word' id='word_1_5' title='bbox 998 337 1140 380; x_wconf 83' lang='lat' dir='ltr'>fictam</span> <span class='ocrx_word' id='word_1_6' title='bbox 1181 340 1404 381; x_wconf 77' lang='lat' dir='ltr'><strong>deriserat.</strong></span> <span class='ocrx_word' id='word_1_7' title='bbox 1467 338 1617 394; x_wconf 88' lang='lat' dir='ltr'>Itaque</span> <span class='ocrx_word' id='word_1_8' title='bbox 1650 341 1694 381; x_wconf 87' lang='lat' dir='ltr'>in</span> <span class='ocrx_word' id='word_1_9' title='bbox 1726 341 1819 395; x_wconf 82' lang='lat' dir='ltr'>ipsa</span> 
     </span>
     <span class='ocr_line' id='line_1_3' title="bbox 375 415 1820 471; baseline -0.001 -14"><span class='ocrx_word' id='word_1_10' title='bbox 375 417 455 458; x_wconf 86' lang='lat' dir='ltr'>illa</span> <span class='ocrx_word' id='word_1_11' title='bbox 482 418 535 458; x_wconf 82' lang='lat' dir='ltr'>ad</span> <span class='ocrx_word' id='word_1_12' title='bbox 567 416 758 457; x_wconf 85' lang='lat' dir='ltr'>Atticum</span> <span class='ocrx_word' id='word_1_13' title='bbox 792 415 974 471; x_wconf 80' lang='lat' dir='ltr'>epistola</span> <span class='ocrx_word' id='word_1_14' title='bbox 1000 416 1176 457; x_wconf 87' lang='lat' dir='ltr'>Vettius</span> <span class='ocrx_word' id='word_1_15' title='bbox 1206 418 1374 467; x_wconf 87' lang='lat' dir='ltr'>dicitur,</span> <span class='ocrx_word' id='word_1_16' title='bbox 1405 417 1442 456; x_wconf 85' lang='lat' dir='ltr'>si</span> <span class='ocrx_word' id='word_1_17' title='bbox 1475 416 1700 458; x_wconf 84' lang='lat' dir='ltr'>damnatus</span> <span class='ocrx_word' id='word_1_18' title='bbox 1727 417 1820 458; x_wconf 86' lang='lat' dir='ltr'>fue-</span> 
     </span>
     <span class='ocr_line' id='line_1_4' title="bbox 376 491 1827 548; baseline -0.001 -13"><span class='ocrx_word' id='word_1_19' title='bbox 376 496 455 543; x_wconf 85' lang='lat' dir='ltr'>rit,</span> <span class='ocrx_word' id='word_1_20' title='bbox 495 502 647 546; x_wconf 85' lang='lat' dir='ltr'>postea</span> <span class='ocrx_word' id='word_1_21' title='bbox 687 493 891 532; x_wconf 87' lang='lat' dir='ltr'>indicium</span> <span class='ocrx_word' id='word_1_22' title='bbox 936 492 1258 543; x_wconf 80' lang='lat' dir='ltr'>postulaturus,</span> <span class='ocrx_word' id='word_1_23' title='bbox 1305 493 1416 547; x_wconf 90' lang='lat' dir='ltr'>quod</span> <span class='ocrx_word' id='word_1_24' title='bbox 1459 491 1746 548; x_wconf 78' lang='lat' dir='ltr'>Garatonius,</span> <span class='ocrx_word' id='word_1_25' title='bbox 1788 495 1827 534; x_wconf 87' lang='lat' dir='ltr'>si</span> 
     </span>
     <span class='ocr_line' id='line_1_5' title="bbox 378 567 1827 626; baseline -0.001 -15"><span class='ocrx_word' id='word_1_26' title='bbox 378 579 493 611; x_wconf 85' lang='lat' dir='ltr'>recte</span> <span class='ocrx_word' id='word_1_27' title='bbox 525 569 707 626; x_wconf 74' lang='lat' dir='ltr'>obscura</span> <span class='ocrx_word' id='word_1_28' title='bbox 736 567 870 609; x_wconf 83' lang='lat' dir='ltr'>verba</span> <span class='ocrx_word' id='word_1_29' title='bbox 897 569 1044 620; x_wconf 83' lang='lat' dir='ltr'>capio,</span> <span class='ocrx_word' id='word_1_30' title='bbox 1088 568 1309 609; x_wconf 81' lang='lat' dir='ltr'>intellexit</span> <span class='ocrx_word' id='word_1_31' title='bbox 1340 569 1392 609; x_wconf 88' lang='lat' dir='ltr'>de</span> <span class='ocrx_word' id='word_1_32' title='bbox 1424 571 1653 611; x_wconf 84' lang='lat' dir='ltr'>indicanda</span> <span class='ocrx_word' id='word_1_33' title='bbox 1684 569 1827 610; x_wconf 84' lang='lat' dir='ltr'>Caesa-</span> 
     </span>
     <span class='ocr_line' id='line_1_6' title="bbox 379 644 1826 699; baseline 0.001 -13"><span class='ocrx_word' id='word_1_34' title='bbox 379 648 438 686; x_wconf 84' lang='lat' dir='ltr'>ris</span> <span class='ocrx_word' id='word_1_35' title='bbox 471 654 513 686; x_wconf 88' lang='lat' dir='ltr'>et</span> <span class='ocrx_word' id='word_1_36' title='bbox 544 646 713 686; x_wconf 80' lang='lat' dir='ltr'>Vatinii</span> <span class='ocrx_word' id='word_1_37' title='bbox 745 644 911 684; x_wconf 82' lang='lat' dir='ltr'>fraude.</span> <span class='ocrx_word' id='word_1_38' title='bbox 985 644 1146 698; x_wconf 79' lang='lat' dir='ltr'>Atqui,</span> <span class='ocrx_word' id='word_1_39' title='bbox 1195 658 1287 699; x_wconf 84' lang='lat' dir='ltr'>quae</span> <span class='ocrx_word' id='word_1_40' title='bbox 1325 653 1561 699; x_wconf 86' lang='lat' dir='ltr'>sequuntur</span> <span class='ocrx_word' id='word_1_41' title='bbox 1604 646 1826 687; x_wconf 81' lang='lat' dir='ltr'>Ciceronis</span> 
     </span>
     <span class='ocr_line' id='line_1_7' title="bbox 381 719 1827 777; baseline -0.001 -14"><span class='ocrx_word' id='word_1_42' title='bbox 381 721 598 773; x_wconf 34' lang='lat' dir='ltr'>verba-,de</span> <span class='ocrx_word' id='word_1_43' title='bbox 627 719 799 762; x_wconf 87' lang='lat' dir='ltr'>iudiciis</span> <span class='ocrx_word' id='word_1_44' title='bbox 839 729 928 760; x_wconf 87' lang='lat' dir='ltr'>tum</span> <span class='ocrx_word' id='word_1_45' title='bbox 962 720 1144 771; x_wconf 87' lang='lat' dir='ltr'>futuris,</span> <span class='ocrx_word' id='word_1_46' title='bbox 1187 735 1362 775; x_wconf 85' lang='lat' dir='ltr'>prorsus</span> <span class='ocrx_word' id='word_1_47' title='bbox 1393 723 1455 763; x_wconf 88' lang='lat' dir='ltr'>ita</span> <span class='ocrx_word' id='word_1_48' title='bbox 1487 723 1624 777; x_wconf 82' lang='lat' dir='ltr'><strong>accipi</strong></span> <span class='ocrx_word' id='word_1_49' title='bbox 1656 730 1827 770; x_wconf 88' lang='lat' dir='ltr'>vetant;</span> 
     </span>
     <span class='ocr_line' id='line_1_8' title="bbox 381 796 1828 853; baseline 0 -15"><span class='ocrx_word' id='word_1_50' title='bbox 381 813 480 839; x_wconf 86' lang='lat' dir='ltr'>nam</span> <span class='ocrx_word' id='word_1_51' title='bbox 512 812 592 838; x_wconf 90' lang='lat' dir='ltr'>nec</span> <span class='ocrx_word' id='word_1_52' title='bbox 633 796 777 838; x_wconf 85' lang='lat' dir='ltr'>Caesar</span> <span class='ocrx_word' id='word_1_53' title='bbox 808 811 887 838; x_wconf 87' lang='lat' dir='ltr'>nec</span> <span class='ocrx_word' id='word_1_54' title='bbox 913 797 1117 838; x_wconf 82' lang='lat' dir='ltr'>Vatinius</span> <span class='ocrx_word' id='word_1_55' title='bbox 1155 799 1200 837; x_wconf 89' lang='lat' dir='ltr'>in</span> <span class='ocrx_word' id='word_1_56' title='bbox 1240 799 1496 853; x_wconf 82' lang='lat' dir='ltr'>magistratu</span> <span class='ocrx_word' id='word_1_57' title='bbox 1529 800 1722 839; x_wconf 83' lang='lat' dir='ltr'>accusari</span> <span class='ocrx_word' id='word_1_58' title='bbox 1751 811 1828 852; x_wconf 86' lang='lat' dir='ltr'>po-</span> 
     </span>
     <span class='ocr_line' id='line_1_9' title="bbox 382 874 1831 929; baseline 0 -15"><span class='ocrx_word' id='word_1_59' title='bbox 382 883 536 916; x_wconf 79' lang='lat' dir='ltr'>terant.</span> <span class='ocrx_word' id='word_1_60' title='bbox 592 875 739 915; x_wconf 87' lang='lat' dir='ltr'>Potuit</span> <span class='ocrx_word' id='word_1_61' title='bbox 771 875 903 929; x_wconf 84' lang='lat' dir='ltr'>igitur</span> <span class='ocrx_word' id='word_1_62' title='bbox 941 874 1146 915; x_wconf 82' lang='lat' dir='ltr'>Vatinius</span> <span class='ocrx_word' id='word_1_63' title='bbox 1186 875 1324 925; x_wconf 86' lang='lat' dir='ltr'>ferre,</span> <span class='ocrx_word' id='word_1_64' title='bbox 1367 882 1413 914; x_wconf 89' lang='lat' dir='ltr'>ut</span> <span class='ocrx_word' id='word_1_65' title='bbox 1443 875 1593 916; x_wconf 88' lang='lat' dir='ltr'>Vettio</span> <span class='ocrx_word' id='word_1_66' title='bbox 1623 875 1831 915; x_wconf 70' lang='lat' dir='ltr'>indicium</span> 
     </span>
     <span class='ocr_line' id='line_1_10' title="bbox 384 949 1827 1006; baseline -0.001 -14"><span class='ocrx_word' id='word_1_67' title='bbox 384 957 517 1003; x_wconf 77' lang='lat' dir='ltr'>esset,</span> <span class='ocrx_word' id='word_1_68' title='bbox 565 952 607 992; x_wconf 89' lang='lat' dir='ltr'>id</span> <span class='ocrx_word' id='word_1_69' title='bbox 643 959 730 1001; x_wconf 89' lang='lat' dir='ltr'>est,</span> <span class='ocrx_word' id='word_1_70' title='bbox 773 958 965 1002; x_wconf 84' lang='lat' dir='ltr'>potestas</span> <span class='ocrx_word' id='word_1_71' title='bbox 997 949 1169 1005; x_wconf 89' lang='lat' dir='ltr'>publice</span> <span class='ocrx_word' id='word_1_72' title='bbox 1214 950 1327 1005; x_wconf 86' lang='lat' dir='ltr'>apud</span> <span class='ocrx_word' id='word_1_73' title='bbox 1372 952 1670 1006; x_wconf 87' lang='lat' dir='ltr'>magistratum</span> <span class='ocrx_word' id='word_1_74' title='bbox 1706 950 1827 991; x_wconf 79' lang='lat' dir='ltr'>adid</span> 
     </span>
     <span class='ocr_line' id='line_1_11' title="bbox 386 1027 1832 1082; baseline -0.001 -14"><span class='ocrx_word' id='word_1_75' title='bbox 386 1030 664 1069; x_wconf 87' lang='lat' dir='ltr'>constitutum</span> <span class='ocrx_word' id='word_1_76' title='bbox 699 1027 916 1066; x_wconf 85' lang='lat' dir='ltr'>indicandi</span> <span class='ocrx_word' id='word_1_77' title='bbox 948 1041 1042 1067; x_wconf 90' lang='lat' dir='ltr'>cum</span> <span class='ocrx_word' id='word_1_78' title='bbox 1076 1028 1331 1081; x_wconf 83' lang='lat' dir='ltr'>impunitate</span> <span class='ocrx_word' id='word_1_79' title='bbox 1376 1036 1418 1068; x_wconf 87' lang='lat' dir='ltr'>et</span> <span class='ocrx_word' id='word_1_80' title='bbox 1449 1029 1707 1076; x_wconf 82' lang='lat' dir='ltr'>commodis3</span> <span class='ocrx_word' id='word_1_81' title='bbox 1748 1041 1832 1082; x_wconf 89' lang='lat' dir='ltr'>quo</span> 
     </span>
     <span class='ocr_line' id='line_1_12' title="bbox 385 1102 1834 1154; baseline -0.001 -9"><span class='ocrx_word' id='word_1_82' title='bbox 385 1119 517 1146; x_wconf 84' lang='lat' dir='ltr'>sensu</span> <span class='ocrx_word' id='word_1_83' title='bbox 554 1105 763 1145; x_wconf 71' lang='lat' dir='ltr'>indicium</span> <span class='ocrx_word' id='word_1_84' title='bbox 804 1103 905 1143; x_wconf 73' lang='lat' dir='ltr'>darc·</span> <span class='ocrx_word' id='word_1_85' title='bbox 945 1103 1100 1143; x_wconf 89' lang='lat' dir='ltr'>dicitur</span> <span class='ocrx_word' id='word_1_86' title='bbox 1138 1102 1289 1143; x_wconf 81' lang='lat' dir='ltr'>Divin.</span> <span class='ocrx_word' id='word_1_87' title='bbox 1320 1105 1365 1144; x_wconf 91' lang='lat' dir='ltr'>in</span> <span class='ocrx_word' id='word_1_88' title='bbox 1410 1103 1555 1144; x_wconf 83' lang='lat' dir='ltr'>Caecil.</span> <span class='ocrx_word' id='word_1_89' title='bbox 1601 1106 1679 1154; x_wconf 91' lang='lat'>11,</span> <span class='ocrx_word' id='word_1_90' title='bbox 1719 1104 1834 1144; x_wconf 72' lang='lat' dir='ltr'>inda·-</span> 
     </span>
     <span class='ocr_line' id='line_1_13' title="bbox 387 1179 1834 1234; baseline -0.003 -11"><span class='ocrx_word' id='word_1_91' title='bbox 387 1186 498 1223; x_wconf 77' lang='lat' dir='ltr'>cz‘um</span> <span class='ocrx_word' id='word_1_92' title='bbox 526 1184 724 1234; x_wconf 68' lang='lat' dir='ltr'>accipere</span> <span class='ocrx_word' id='word_1_93' title='bbox 751 1180 861 1232; x_wconf 88' lang='lat' dir='ltr'>apud</span> <span class='ocrx_word' id='word_1_94' title='bbox 892 1179 1141 1232; x_wconf 85' lang='lat' dir='ltr'>Ulpianum.</span> <span class='ocrx_word' id='word_1_95' title='bbox 1203 1180 1355 1230; x_wconf 75' lang='lat' dir='ltr'>Vides,</span> <span class='ocrx_word' id='word_1_96' title='bbox 1389 1182 1549 1220; x_wconf 89' lang='lat' dir='ltr'>sensim</span> <span class='ocrx_word' id='word_1_97' title='bbox 1572 1179 1834 1220; x_wconf 80' lang='lat' dir='ltr'>vocabulum</span> 
     </span>
     <span class='ocr_line' id='line_1_14' title="bbox 387 1255 1835 1312; baseline -0.001 -13"><span class='ocrx_word' id='word_1_98' title='bbox 387 1259 613 1299; x_wconf 78' lang='lat' dir='ltr'>transferri</span> <span class='ocrx_word' id='word_1_99' title='bbox 642 1257 694 1297; x_wconf 83' lang='lat' dir='ltr'>ad</span> <span class='ocrx_word' id='word_1_100' title='bbox 721 1255 1102 1311; x_wconf 83' lang='lat' dir='ltr'>significationem,</span> <span class='ocrx_word' id='word_1_101' title='bbox 1135 1271 1220 1297; x_wconf 88' lang='lat' dir='ltr'>non</span> <span class='ocrx_word' id='word_1_102' title='bbox 1251 1256 1520 1312; x_wconf 87' lang='lat' dir='ltr'>singulorum</span> <span class='ocrx_word' id='word_1_103' title='bbox 1549 1258 1835 1311; x_wconf 61' lang='lat' dir='ltr'>praemiorum,</span> 
     </span>
     <span class='ocr_line' id='line_1_15' title="bbox 388 1333 1837 1390; baseline -0.001 -15"><span class='ocrx_word' id='word_1_104' title='bbox 388 1337 552 1390; x_wconf 86' lang='lat' dir='ltr'>(itaque</span> <span class='ocrx_word' id='word_1_105' title='bbox 586 1333 828 1388; x_wconf 83' lang='lat' dir='ltr'>tautologia</span> <span class='ocrx_word' id='word_1_106' title='bbox 861 1347 944 1373; x_wconf 91' lang='lat' dir='ltr'>nou</span> <span class='ocrx_word' id='word_1_107' title='bbox 978 1341 1067 1383; x_wconf 86' lang='lat' dir='ltr'>est,</span> <span class='ocrx_word' id='word_1_108' title='bbox 1111 1333 1221 1388; x_wconf 90' lang='lat' dir='ltr'>quod</span> <span class='ocrx_word' id='word_1_109' title='bbox 1255 1334 1425 1374; x_wconf 88' lang='lat' dir='ltr'>additur</span> <span class='ocrx_word' id='word_1_110' title='bbox 1451 1338 1634 1387; x_wconf 75' lang='lat' dir='ltr'>praemz&#39;a</span> <span class='ocrx_word' id='word_1_111' title='bbox 1665 1335 1837 1387; x_wconf 58' lang='lat' dir='ltr'>ampliat-</span> 
     </span>
     <span class='ocr_line' id='line_1_16' title="bbox 388 1410 1837 1466; baseline -0.002 -13"><span class='ocrx_word' id='word_1_112' title='bbox 388 1415 533 1466; x_wconf 68' lang='lat' dir='ltr'>sz‘ma,)</span> <span class='ocrx_word' id='word_1_113' title='bbox 576 1411 650 1452; x_wconf 86' lang='lat' dir='ltr'>sed</span> <span class='ocrx_word' id='word_1_114' title='bbox 691 1419 835 1450; x_wconf 88' lang='lat' dir='ltr'>tamen</span> <span class='ocrx_word' id='word_1_115' title='bbox 881 1411 1085 1461; x_wconf 63' lang='lat' dir='ltr'>universi,</span> <span class='ocrx_word' id='word_1_116' title='bbox 1117 1411 1330 1451; x_wconf 90' lang='lat' dir='ltr'>commodi</span> <span class='ocrx_word' id='word_1_117' title='bbox 1373 1425 1430 1451; x_wconf 87' lang='lat' dir='ltr'>ex</span> <span class='ocrx_word' id='word_1_118' title='bbox 1475 1411 1632 1451; x_wconf 89' lang='lat' dir='ltr'>indicio</span> <span class='ocrx_word' id='word_1_119' title='bbox 1665 1410 1837 1463; x_wconf 89' lang='lat' dir='ltr'>publice</span> 
     </span>
     <span class='ocr_line' id='line_1_17' title="bbox 388 1485 1838 1543; baseline -0.002 -13"><span class='ocrx_word' id='word_1_120' title='bbox 388 1504 475 1530; x_wconf 89' lang='lat' dir='ltr'>non</span> <span class='ocrx_word' id='word_1_121' title='bbox 507 1497 651 1543; x_wconf 89' lang='lat' dir='ltr'>spreto</span> <span class='ocrx_word' id='word_1_122' title='bbox 684 1487 979 1528; x_wconf 81' lang='lat' dir='ltr'>redundantis.</span> <span class='ocrx_word' id='word_1_123' title='bbox 1041 1485 1134 1527; x_wconf 83' lang='lat' dir='ltr'>Nec</span> <span class='ocrx_word' id='word_1_124' title='bbox 1166 1487 1277 1528; x_wconf 89' lang='lat' dir='ltr'>bene</span> <span class='ocrx_word' id='word_1_125' title='bbox 1304 1487 1566 1528; x_wconf 81' lang='lat' dir='ltr'>Garatonius</span> <span class='ocrx_word' id='word_1_126' title='bbox 1595 1488 1638 1527; x_wconf 92' lang='lat' dir='ltr'>in</span> <span class='ocrx_word' id='word_1_127' title='bbox 1666 1486 1838 1528; x_wconf 88' lang='lat' dir='ltr'>Cicero-</span> 
     </span>
     <span class='ocr_line' id='line_1_18' title="bbox 389 1563 1838 1619; baseline -0.001 -13"><span class='ocrx_word' id='word_1_128' title='bbox 389 1569 457 1606; x_wconf 88' lang='lat' dir='ltr'>nis</span> <span class='ocrx_word' id='word_1_129' title='bbox 497 1566 594 1606; x_wconf 84' lang='lat' dir='ltr'>loco</span> <span class='ocrx_word' id='word_1_130' title='bbox 633 1579 710 1619; x_wconf 89' lang='lat' dir='ltr'>pro</span> <span class='ocrx_word' id='word_1_131' title='bbox 753 1564 878 1605; x_wconf 88' lang='lat' dir='ltr'>Rosc.</span> <span class='ocrx_word' id='word_1_132' title='bbox 920 1563 1019 1604; x_wconf 92' lang='lat' dir='ltr'>Am.</span> <span class='ocrx_word' id='word_1_133' title='bbox 1050 1565 1128 1614; x_wconf 81' lang='lat'>38,</span> <span class='ocrx_word' id='word_1_134' title='bbox 1169 1566 1263 1613; x_wconf 82' lang='lat'>107,</span> <span class='ocrx_word' id='word_1_135' title='bbox 1305 1563 1598 1604; x_wconf 81' lang='lat' dir='ltr'>Facciolatum</span> <span class='ocrx_word' id='word_1_136' title='bbox 1637 1577 1838 1619; x_wconf 87' lang='lat' dir='ltr'>sequens,</span> 
     </span>
     <span class='ocr_line' id='line_1_19' title="bbox 389 1639 1836 1696; baseline -0.002 -13"><span class='ocrx_word' id='word_1_137' title='bbox 389 1643 550 1683; x_wconf 71' lang='lat' dir='ltr'>‘indicit&#39;</span> <span class='ocrx_word' id='word_1_138' title='bbox 574 1647 741 1696; x_wconf 77' lang='lat' dir='ltr'>partem</span> <span class='ocrx_word' id='word_1_139' title='bbox 784 1645 983 1694; x_wconf 70' lang='lat' dir='ltr'>accipere</span> <span class='ocrx_word' id='word_1_140' title='bbox 1022 1649 1154 1696; x_wconf 85' lang='lat' dir='ltr'>negat</span> <span class='ocrx_word' id='word_1_141' title='bbox 1195 1640 1247 1680; x_wconf 84' lang='lat' dir='ltr'>de</span> <span class='ocrx_word' id='word_1_142' title='bbox 1287 1639 1408 1681; x_wconf 88' lang='lat' dir='ltr'>lucro</span> <span class='ocrx_word' id='word_1_143' title='bbox 1452 1641 1600 1681; x_wconf 89' lang='lat' dir='ltr'>indicii</span> <span class='ocrx_word' id='word_1_144' title='bbox 1641 1649 1681 1681; x_wconf 91' lang='lat' dir='ltr'>et</span> <span class='ocrx_word' id='word_1_145' title='bbox 1723 1654 1836 1681; x_wconf 90' lang='lat' dir='ltr'>com-</span> 
     </span>
     <span class='ocr_line' id='line_1_20' title="bbox 392 1702 1839 1771; baseline -0.003 -11"><span class='ocrx_word' id='word_1_146' title='bbox 392 1719 519 1760; x_wconf 89' lang='lat' dir='ltr'>modo</span> <span class='ocrx_word' id='word_1_147' title='bbox 550 1717 845 1771; x_wconf 86' lang='lat' dir='ltr'>accipiendum</span> <span class='ocrx_word' id='word_1_148' title='bbox 878 1702 988 1767; x_wconf 64' lang='lat' dir='ltr'>esse,</span> <span class='ocrx_word' id='word_1_149' title='bbox 1020 1716 1225 1771; x_wconf 90' lang='lat' dir='ltr'>iubetque</span> <span class='ocrx_word' id='word_1_150' title='bbox 1255 1717 1445 1771; x_wconf 86' lang='lat' dir='ltr'>intelligi</span> <span class='ocrx_word' id='word_1_151' title='bbox 1478 1717 1530 1757; x_wconf 91' lang='lat' dir='ltr'>de</span> <span class='ocrx_word' id='word_1_152' title='bbox 1560 1725 1681 1771; x_wconf 86' lang='lat' dir='ltr'>parte</span> <span class='ocrx_word' id='word_1_153' title='bbox 1712 1715 1839 1757; x_wconf 81' lang='lat' dir='ltr'>bono-</span> 
     </span>
     <span class='ocr_line' id='line_1_21' title="bbox 393 1792 1841 1848; baseline -0.003 -11"><span class='ocrx_word' id='word_1_154' title='bbox 393 1809 483 1837; x_wconf 78' lang='lat' dir='ltr'>rum</span> <span class='ocrx_word' id='word_1_155' title='bbox 502 1796 803 1844; x_wconf 70' lang='lat' dir='ltr'>indiculorum,</span> <span class='ocrx_word' id='word_1_156' title='bbox 823 1808 906 1848; x_wconf 90' lang='lat' dir='ltr'>quo</span> <span class='ocrx_word' id='word_1_157' title='bbox 924 1792 1170 1848; x_wconf 85' lang='lat' dir='ltr'>significatu</span> <span class='ocrx_word' id='word_1_158' title='bbox 1191 1793 1325 1834; x_wconf 89' lang='lat' dir='ltr'>multo</span> <span class='ocrx_word' id='word_1_159' title='bbox 1345 1792 1601 1834; x_wconf 90' lang='lat' dir='ltr'>insolentius</span> <span class='ocrx_word' id='word_1_160' title='bbox 1615 1794 1841 1835; x_wconf 85' lang='lat' dir='ltr'>diceretur.</span> 
     </span>
    </p>

    <p class='ocr_par' dir='ltr' id='par_1_3' title="bbox 393 1868 1848 2848">
     <span class='ocr_line' id='line_1_22' title="bbox 483 1868 1840 1925; baseline -0.002 -12"><span class='ocrx_word' id='word_1_161' title='bbox 483 1868 677 1913; x_wconf 45' lang='lat' dir='ltr'>‘Eodem</span> <span class='ocrx_word' id='word_1_162' title='bbox 718 1872 856 1925; x_wconf 85' lang='lat' dir='ltr'>capite</span> <span class='ocrx_word' id='word_1_163' title='bbox 891 1873 913 1921; x_wconf 69' lang='grc' dir='ltr'><strong>ξ</strong></span> <span class='ocrx_word' id='word_1_164' title='bbox 953 1872 1010 1910; x_wconf 79' lang='lat'>27</span> <span class='ocrx_word' id='word_1_165' title='bbox 1041 1884 1142 1924; x_wconf 84' lang='lat' dir='ltr'>pro:</span> <span class='ocrx_word' id='word_1_166' title='bbox 1174 1872 1330 1910; x_wconf 77' lang='lat' dir='ltr'>malcas</span> <span class='ocrx_word' id='word_1_167' title='bbox 1359 1874 1488 1910; x_wconf 74' lang='lat' dir='ltr'>eliam</span> <span class='ocrx_word' id='word_1_168' title='bbox 1525 1871 1638 1911; x_wconf 70' lang='lat' dir='ltr'>alias</span> <span class='ocrx_word' id='word_1_169' title='bbox 1668 1871 1840 1911; x_wconf 66' lang='lat' dir='ltr'>tulisses</span> 
     </span>
     <span class='ocr_line' id='line_1_23' title="bbox 394 1947 1844 2002; baseline -0.001 -12"><span class='ocrx_word' id='word_1_170' title='bbox 394 1957 510 1991; x_wconf 85' lang='lat' dir='ltr'>recte</span> <span class='ocrx_word' id='word_1_171' title='bbox 541 1951 586 1989; x_wconf 89' lang='lat' dir='ltr'>in</span> <span class='ocrx_word' id='word_1_172' title='bbox 619 1949 716 1989; x_wconf 82' lang='lat' dir='ltr'>Par.</span> <span class='ocrx_word' id='word_1_173' title='bbox 752 1957 793 1989; x_wconf 88' lang='lat' dir='ltr'>et</span> <span class='ocrx_word' id='word_1_174' title='bbox 823 1947 952 1988; x_wconf 88' lang='lat' dir='ltr'>Bern.</span> <span class='ocrx_word' id='word_1_175' title='bbox 983 1956 1063 1997; x_wconf 87' lang='lat' dir='ltr'>est,</span> <span class='ocrx_word' id='word_1_176' title='bbox 1097 1947 1209 2002; x_wconf 87' lang='lat' dir='ltr'>quod</span> <span class='ocrx_word' id='word_1_177' title='bbox 1232 1947 1469 1988; x_wconf 86' lang='lat' dir='ltr'>Lambinus</span> <span class='ocrx_word' id='word_1_178' title='bbox 1499 1947 1656 1988; x_wconf 86' lang='lat' dir='ltr'>edidit:</span> <span class='ocrx_word' id='word_1_179' title='bbox 1688 1949 1844 1988; x_wconf 70' lang='lat' dir='ltr'>mullas·</span> 
     </span>
     <span class='ocr_line' id='line_1_24' title="bbox 393 2022 1842 2079; baseline -0.002 -12"><span class='ocrx_word' id='word_1_180' title='bbox 393 2031 506 2074; x_wconf 55' lang='lat' dir='ltr'>ianm</span> <span class='ocrx_word' id='word_1_181' title='bbox 549 2040 627 2066; x_wconf 88' lang='lat' dir='ltr'>nec</span> <span class='ocrx_word' id='word_1_182' title='bbox 668 2024 785 2065; x_wconf 84' lang='lat' dir='ltr'>aliud</span> <span class='ocrx_word' id='word_1_183' title='bbox 827 2022 1045 2079; x_wconf 78' lang='lat' dir='ltr'>significat</span> <span class='ocrx_word' id='word_1_184' title='bbox 1079 2025 1278 2065; x_wconf 88' lang='lat' dir='ltr'>mendum</span> <span class='ocrx_word' id='word_1_185' title='bbox 1320 2024 1479 2065; x_wconf 87' lang='lat' dir='ltr'>codicis</span> <span class='ocrx_word' id='word_1_186' title='bbox 1515 2024 1607 2064; x_wconf 88' lang='lat' dir='ltr'>Erf.</span> <span class='ocrx_word' id='word_1_187' title='bbox 1648 2025 1842 2065; x_wconf 78' lang='lat' dir='ltr'>multam-</span> 
     </span>
     <span class='ocr_line' id='line_1_25' title="bbox 396 2101 1841 2157; baseline -0.001 -13"><span class='ocrx_word' id='word_1_188' title='bbox 396 2118 528 2145; x_wconf 77' lang='lat' dir='ltr'>suam.</span> <span class='ocrx_word' id='word_1_189' title='bbox 609 2102 757 2143; x_wconf 66' lang='lat' dir='ltr'>Etiam</span> <span class='ocrx_word' id='word_1_190' title='bbox 788 2102 849 2141; x_wconf 87' lang='lat' dir='ltr'>sic</span> <span class='ocrx_word' id='word_1_191' title='bbox 883 2101 1123 2153; x_wconf 87' lang='lat' dir='ltr'>diceretur,</span> <span class='ocrx_word' id='word_1_192' title='bbox 1156 2111 1359 2157; x_wconf 82' lang='lat' dir='ltr'>tanquam</span> <span class='ocrx_word' id='word_1_193' title='bbox 1389 2109 1545 2156; x_wconf 81' lang='lat' dir='ltr'>praeter</span> <span class='ocrx_word' id='word_1_194' title='bbox 1575 2116 1669 2142; x_wconf 86' lang='lat' dir='ltr'>eam</span> <span class='ocrx_word' id='word_1_195' title='bbox 1696 2101 1841 2157; x_wconf 86' lang='lat' dir='ltr'>legem</span> 
     </span>
     <span class='ocr_line' id='line_1_26' title="bbox 396 2173 1841 2234; baseline -0.001 -13"><span class='ocrx_word' id='word_1_196' title='bbox 396 2181 506 2222; x_wconf 79' lang='lat' dir='ltr'>alias</span> <span class='ocrx_word' id='word_1_197' title='bbox 536 2179 730 2226; x_wconf 80' lang='lat' dir='ltr'>tulisset3</span> <span class='ocrx_word' id='word_1_198' title='bbox 770 2186 814 2219; x_wconf 84' lang='lat' dir='ltr'>at</span> <span class='ocrx_word' id='word_1_199' title='bbox 846 2194 938 2219; x_wconf 79' lang='lat' dir='ltr'>eam</span> <span class='ocrx_word' id='word_1_200' title='bbox 976 2180 1162 2220; x_wconf 91' lang='lat' dir='ltr'>nondum</span> <span class='ocrx_word' id='word_1_201' title='bbox 1195 2173 1379 2229; x_wconf 82' lang='lat' dir='ltr'>tulerat,</span> <span class='ocrx_word' id='word_1_202' title='bbox 1416 2178 1714 2234; x_wconf 81' lang='lat' dir='ltr'>promulgarat</span> <span class='ocrx_word' id='word_1_203' title='bbox 1748 2186 1841 2219; x_wconf 83' lang='lat' dir='ltr'>tan-</span> 
     </span>
     <span class='ocr_line' id='line_1_27' title="bbox 396 2255 1841 2309; baseline -0.001 -11"><span class='ocrx_word' id='word_1_204' title='bbox 396 2267 508 2305; x_wconf 83' lang='lat' dir='ltr'>tum3</span> <span class='ocrx_word' id='word_1_205' title='bbox 552 2257 660 2297; x_wconf 84' lang='lat' dir='ltr'>alias</span> <span class='ocrx_word' id='word_1_206' title='bbox 694 2255 851 2296; x_wconf 82' lang='lat' dir='ltr'>multas</span> <span class='ocrx_word' id='word_1_207' title='bbox 890 2257 976 2296; x_wconf 83' lang='lat' dir='ltr'>iam</span> <span class='ocrx_word' id='word_1_208' title='bbox 1020 2255 1191 2297; x_wconf 84' lang='lat' dir='ltr'>tulerat.</span> <span class='ocrx_word' id='word_1_209' title='bbox 1261 2256 1515 2309; x_wconf 86' lang='lat' dir='ltr'>Asyndetou</span> <span class='ocrx_word' id='word_1_210' title='bbox 1553 2255 1706 2297; x_wconf 87' lang='lat' dir='ltr'>durum</span> <span class='ocrx_word' id='word_1_211' title='bbox 1746 2269 1841 2296; x_wconf 83' lang='lat' dir='ltr'>esse</span> 
     </span>
     <span class='ocr_line' id='line_1_28' title="bbox 396 2332 1846 2386; baseline -0.001 -13"><span class='ocrx_word' id='word_1_212' title='bbox 396 2335 440 2373; x_wconf 90' lang='lat' dir='ltr'>in</span> <span class='ocrx_word' id='word_1_213' title='bbox 473 2334 599 2373; x_wconf 79' lang='lat' dir='ltr'>liuius</span> <span class='ocrx_word' id='word_1_214' title='bbox 633 2341 675 2372; x_wconf 89' lang='lat' dir='ltr'>et</span> <span class='ocrx_word' id='word_1_215' title='bbox 705 2334 940 2386; x_wconf 83' lang='lat' dir='ltr'>superioris</span> <span class='ocrx_word' id='word_1_216' title='bbox 980 2334 1206 2372; x_wconf 77' lang='lat' dir='ltr'>sententiae</span> <span class='ocrx_word' id='word_1_217' title='bbox 1247 2334 1574 2382; x_wconf 86' lang='lat' dir='ltr'>coniunctione,</span> <span class='ocrx_word' id='word_1_218' title='bbox 1606 2332 1690 2372; x_wconf 82' lang='lat' dir='ltr'>n&#39;on</span> <span class='ocrx_word' id='word_1_219' title='bbox 1719 2344 1846 2385; x_wconf 88' lang='lat' dir='ltr'>nego,</span> 
     </span>
     <span class='ocr_line' id='line_1_29' title="bbox 398 2406 1845 2462; baseline -0.001 -13"><span class='ocrx_word' id='word_1_220' title='bbox 398 2419 441 2449; x_wconf 90' lang='lat' dir='ltr'>et</span> <span class='ocrx_word' id='word_1_221' title='bbox 481 2409 698 2449; x_wconf 77' lang='lat' dir='ltr'>excidisse</span> <span class='ocrx_word' id='word_1_222' title='bbox 731 2407 986 2462; x_wconf 79' lang='lat' dir='ltr'>particulam</span> <span class='ocrx_word' id='word_1_223' title='bbox 1020 2409 1186 2461; x_wconf 87' lang='lat' dir='ltr'>opinor.</span> <span class='ocrx_word' id='word_1_224' title='bbox 1261 2407 1398 2446; x_wconf 83' lang='lat' dir='ltr'>Paulo</span> <span class='ocrx_word' id='word_1_225' title='bbox 1441 2415 1537 2458; x_wconf 87' lang='lat' dir='ltr'>post</span> <span class='ocrx_word' id='word_1_226' title='bbox 1571 2407 1613 2460; x_wconf 66' lang='grc' dir='ltr'>(ἓ</span> <span class='ocrx_word' id='word_1_227' title='bbox 1641 2407 1729 2459; x_wconf 83' lang='grc'><strong>28),</strong></span> <span class='ocrx_word' id='word_1_228' title='bbox 1769 2406 1845 2447; x_wconf 86' lang='lat' dir='ltr'>ubi</span> 
     </span>
     <span class='ocr_line' id='line_1_30' title="bbox 399 2482 1847 2537; baseline -0.003 -10"><span class='ocrx_word' id='word_1_229' title='bbox 399 2488 531 2527; x_wconf 80' lang='lat' dir='ltr'>ceteri</span> <span class='ocrx_word' id='word_1_230' title='bbox 577 2484 702 2525; x_wconf 73' lang='lat' dir='ltr'>valde</span> <span class='ocrx_word' id='word_1_231' title='bbox 758 2484 1025 2524; x_wconf 82' lang='lat' dir='ltr'>incommode</span> <span class='ocrx_word' id='word_1_232' title='bbox 1078 2483 1282 2524; x_wconf 78' lang='lat' dir='ltr'>edebant:</span> <span class='ocrx_word' id='word_1_233' title='bbox 1342 2482 1553 2537; x_wconf 75' lang='lat' dir='ltr'>Ne&#39;lte&#39;lqne</span> <span class='ocrx_word' id='word_1_234' title='bbox 1606 2485 1847 2533; x_wconf 66' lang='lat' dir='ltr'>stlaxe&#39;mus,</span> 
     </span>
     <span class='ocr_line' id='line_1_31' title="bbox 400 2558 1848 2608; baseline -0.003 -4"><span class='ocrx_word' id='word_1_235' title='bbox 400 2562 595 2604; x_wconf 86' lang='lat' dir='ltr'>Orellius</span> <span class='ocrx_word' id='word_1_236' title='bbox 640 2561 793 2601; x_wconf 83' lang='lat' dir='ltr'>edidit:</span> <span class='ocrx_word' id='word_1_237' title='bbox 852 2559 982 2601; x_wconf 77' lang='lat' dir='ltr'>Ne&#39;lte&#39;l</span> <span class='ocrx_word' id='word_1_238' title='bbox 1027 2558 1075 2605; x_wconf 79' lang='lat' dir='ltr'>Q.</span> <span class='ocrx_word' id='word_1_239' title='bbox 1123 2559 1377 2608; x_wconf 54' lang='lat' dir='ltr'>Maximus,</span> <span class='ocrx_word' id='word_1_240' title='bbox 1434 2560 1610 2600; x_wconf 70' lang='lat' dir='ltr'>redut-ta</span> <span class='ocrx_word' id='word_1_241' title='bbox 1650 2574 1754 2600; x_wconf 83' lang='lat' dir='ltr'>sane</span> <span class='ocrx_word' id='word_1_242' title='bbox 1796 2574 1848 2600; x_wconf 81' lang='lat' dir='ltr'>ea</span> 
     </span>
     <span class='ocr_line' id='line_1_32' title="bbox 400 2635 1846 2692; baseline -0.003 -12"><span class='ocrx_word' id='word_1_243' title='bbox 400 2641 634 2691; x_wconf 68' lang='lat' dir='ltr'>scriptura,</span> <span class='ocrx_word' id='word_1_244' title='bbox 668 2652 719 2679; x_wconf 86' lang='lat' dir='ltr'>ex</span> <span class='ocrx_word' id='word_1_245' title='bbox 752 2653 835 2692; x_wconf 81' lang='lat' dir='ltr'>qua</span> <span class='ocrx_word' id='word_1_246' title='bbox 868 2637 1059 2692; x_wconf 77' lang='lat' dir='ltr'>vulgaris</span> <span class='ocrx_word' id='word_1_247' title='bbox 1091 2635 1165 2676; x_wconf 82' lang='lat' dir='ltr'>illa</span> <span class='ocrx_word' id='word_1_248' title='bbox 1197 2645 1290 2676; x_wconf 82' lang='lat' dir='ltr'>orta</span> <span class='ocrx_word' id='word_1_249' title='bbox 1322 2645 1400 2677; x_wconf 77' lang='lat' dir='ltr'>est.</span> <span class='ocrx_word' id='word_1_250' title='bbox 1459 2637 1544 2677; x_wconf 77' lang='lat' dir='ltr'>Sed</span> <span class='ocrx_word' id='word_1_251' title='bbox 1576 2635 1684 2676; x_wconf 84' lang='lat' dir='ltr'>hanc</span> <span class='ocrx_word' id='word_1_252' title='bbox 1710 2638 1846 2691; x_wconf 85' lang='lat' dir='ltr'>ipsam</span> 
     </span>
     <span class='ocr_line' id='line_1_33' title="bbox 402 2712 1848 2769; baseline -0.003 -13"><span class='ocrx_word' id='word_1_253' title='bbox 402 2715 702 2769; x_wconf 72' lang='lat' dir='ltr'>interpolatam</span> <span class='ocrx_word' id='word_1_254' title='bbox 757 2729 851 2755; x_wconf 79' lang='lat' dir='ltr'>esse</span> <span class='ocrx_word' id='word_1_255' title='bbox 905 2729 981 2754; x_wconf 83' lang='lat' dir='ltr'>nec</span> <span class='ocrx_word' id='word_1_256' title='bbox 1037 2727 1281 2767; x_wconf 79' lang='lat' dir='ltr'>praenomeu</span> <span class='ocrx_word' id='word_1_257' title='bbox 1337 2715 1377 2753; x_wconf 90' lang='lat' dir='ltr'>in</span> <span class='ocrx_word' id='word_1_258' title='bbox 1425 2713 1570 2754; x_wconf 91' lang='lat' dir='ltr'>codice</span> <span class='ocrx_word' id='word_1_259' title='bbox 1616 2712 1848 2766; x_wconf 76' lang='lat' dir='ltr'>archetypo</span> 
     </span>
     <span class='ocr_line' id='line_1_34' title="bbox 402 2788 1847 2848; baseline -0.005 -12"><span class='ocrx_word' id='word_1_260' title='bbox 402 2795 561 2845; x_wconf 78' lang='lat' dir='ltr'>fuisse,</span> <span class='ocrx_word' id='word_1_261' title='bbox 595 2801 789 2848; x_wconf 78' lang='lat' dir='ltr'>apertum</span> <span class='ocrx_word' id='word_1_262' title='bbox 818 2791 864 2833; x_wconf 89' lang='lat' dir='ltr'>fit</span> <span class='ocrx_word' id='word_1_263' title='bbox 896 2806 951 2833; x_wconf 83' lang='lat' dir='ltr'>ex</span> <span class='ocrx_word' id='word_1_264' title='bbox 990 2805 1199 2832; x_wconf 76' lang='lat' dir='ltr'>consensu</span> <span class='ocrx_word' id='word_1_265' title='bbox 1235 2791 1349 2841; x_wconf 62' lang='lat' dir='ltr'>Pur„</span> <span class='ocrx_word' id='word_1_266' title='bbox 1383 2789 1536 2842; x_wconf 57' lang='lat' dir='ltr'>Bern„</span> <span class='ocrx_word' id='word_1_267' title='bbox 1568 2789 1672 2840; x_wconf 67' lang='lat' dir='ltr'>Etr„</span> <span class='ocrx_word' id='word_1_268' title='bbox 1700 2788 1847 2831; x_wconf 82' lang='lat' dir='ltr'>Oxou.</span> 
     </span>
    </p>
   </div>
   <div class='ocr_carea' id='block_1_3' title="bbox 1892 0 1981 2333">
    <p class='ocr_par' dir='ltr' id='par_1_4' title="bbox 1892 0 1981 2333">
     <span class='ocr_line' id='line_1_35' title="bbox 1892 0 1981 2333; baseline 0 0"><span class='ocrx_word' id='word_1_269' title='bbox 1892 0 1981 2333; x_wconf 95' lang='lat' dir='ltr'> </span> 
     </span>
    </p>
   </div>
  </div>
 </body>
</html>
