1981 3390
1470 254 1562 301 311

295 385 454 425 Praeter
470 383 583 423 enim
602 393 728 436 quam
746 376 858 432 quod
877 373 1039 417 morbis
1057 381 1145 414 tum
1167 374 1360 428 corporis
1381 373 1504 426 mgr-it
1524 374 1578 423 ¹),

292 461 486 502 Advenit
516 458 584 507 id,
619 455 733 511 quod
763 463 847 495 eto.

179 559 408 615 Apparet,
448 558 599 598 deesse
650 553 859 610 apodosin
911 550 1241 607 respondentem
1296 549 1456 605 protasi
1500 547 1634 603 (quod

181 641 224 677 εἰ
249 639 376 686 etc.),
413 636 481 676 cui
515 633 694 689 apodosi
722 638 1006 672 annectantur
1039 629 1229 669 rationes
1274 628 1454 678 (I’roeler
1483 626 1632 678 enim).

181 712 332 769 ltaque
363 712 534 753 additus
564 719 630 751 est
660 723 813 751 versus
849 706 1120 749 huiusmodi:

293 812 471 854 Scilicet
505 827 530 852 a
561 825 663 851 vera
692 809 824 864 longe
855 810 1022 849 ratione
1056 815 1270 848 remotum
1303 814 1392 853 esu

178 916 300 968 isque
332 914 376 954 in
410 912 598 967 antiquis
622 910 718 950 edd.
750 906 864 949 male
888 906 1130 962 ponebatur
1160 914 1255 960 post
1285 904 1411 945 illum
1438 917 1632 944 versum:

185 989 311 1038 Quod
344 988 550 1030 vitalibus
591 995 696 1036 etc„
743 984 843 1024 inde
883 997 910 1024 a
958 982 1174 1024 Lambino
1221 995 1300 1022 suo
1343 981 1464 1028 loco3
1506 994 1633 1034 quem

179 1066 290 1122 quod
320 1065 499 1107 Wakef.
529 1072 572 1104 et
601 1061 814 1117 Forbiger
844 1061 1039 1116 spurium
1070 1068 1237 1116 putant,
1265 1060 1360 1113 quis
1387 1072 1473 1098 non
1501 1057 1632 1105 videt,

181 1143 346 1184 nullam
380 1157 477 1183 eum
514 1140 675 1182 habere
709 1137 1041 1182 auctoritatem}
1104 1137 1215 1193 quod
1252 1144 1398 1177 autem
1433 1136 1634 1191 ”prorsus

180 1220 445 1275 superfluum
459 1220 498 1270 ,’'
541 1233 666 1259 nemo
699 1218 873 1267 credet,
903 1217 976 1272 qui
1005 1217 1179 1256 inanem
1215 1227 1368 1254 sonum
1403 1228 1428 1253 a
1461 1220 1635 1253 senten·

181 1299 241 1338 lia
272 1296 416 1339 verbis
450 1295 762 1351 comprehensa
792 1294 1031 1349 distinguet
1048 1294 1105 1343 Β).
1166 1291 1217 1333 In
1235 1300 1366 1331 sexto
1386 1290 1513 1339 libro,
1549 1303 1633 1344 quo

176 1376 274 1417 loco
314 1374 544 1427 Lucreth
587 1388 613 1414 a
653 1382 777 1414 terrm
822 1370 1010 1413 motibus
1055 1368 1441 1412 commemorandis
1480 1367 1635 1407 transit

180 1453 234 1495 nd
277 1452 366 1494 alia
411 1462 573 1493 naturoe
628 1449 836 1491 miracula
873 1447 1161 1504 explicanda,
1211 1461 1263 1487 ne
1306 1444 1634 1488 VVakefieldius

179 1530 354 1584 quidem
381 1530 575 1582 negavit,
606 1536 705 1568 ante
734 1540 908 1567 versum
938 1528 1023 1566 6⁰9
1055 1526 1299 1578 (Principio
1332 1537 1450 1563 mare
1472 1526 1633 1562 miran-

176 1613 248 1648 tar
279 1619 365 1646 non
398 1605 581 1646 reddere
614 1608 752 1645 maius
794 1603 1049 1656 Naturam),
1082 1603 1327 1643 necessario
1357 1599 1634 1640 statuendum

179 1697 303 1733 esse,
346 1682 508 1738 aliquid
542 1683 584 1722 in
626 1680 870 1731 codicibus,
903 1682 976 1737 qui
1008 1680 1121 1721 hunc
1161 1693 1335 1721 versum
1374 1678 1521 1718 versui
1551 1677 1636 1717 607

179 1760 442 1810 subiiciunt,
487 1759 720 1801 excidisse.
796 1758 921 1802 Nihil
952 1761 1067 1800 enim
1100 1756 1262 1799 habent
1301 1755 1381 1797 illa
1413 1757 1633 1810 principio

202 1953 239 1995 ¹)
266 1954 403 1987 Versus
441 1953 503 1986 iiic
545 1955 744 1996 corruptus
777 1954 856 1993 (θείς
891 1949 1078 1996 particula
1115 1949 1214 1984 enim
1251 1954 1325 1983 tum
1362 1949 1474 1993 plane
1509 1946 1635 1980 aliena

267 2016 343 2053 esu
375 2024 463 2054 nec,
490 2023 602 2056 qnam
629 2011 894 2045 auctoritatem
919 2011 1060 2045 habeat
1087 2011 1216 2054 mgr-it,
1245 2012 1413 2050 constan
1439 2018 1527 2043 nam
1553 2009 1635 2042 Ha·-

268 2073 476 2118 vercampii
502 2072 652 2107 silentio
685 2072 732 2106 de
766 2072 870 2106 codd.
896 2071 1041 2116 Lugdd.
1068 2070 1168 2104 credi
1194 2081 1267 2104 non
1294 2072 1426 2114 potest.
1496 2068 1635 2102 Sensus

269 2137 385 2178 patet.

202 2193 241 2236 ²)
269 2194 446 2227 Ceterum
471 2191 677 2227 rectissime
693 2191 918 2226 Lambinum
944 2202 1012 2237 pro
1037 2192 1210 2225 vitalibus
1236 2191 1426 2236 scripsisse
1447 2191 1632 2229 letalibus,

271 2254 380 2292 satis,
423 2253 579 2298 opinor,
615 2254 814 2287 ostendunt
840 2263 906 2294 ea,
933 2263 1007 2297 qua
1033 2252 1271 2286 adiiciuntur.
1333 2252 1414 2286 Non
1445 2250 1635 2295 quaeritur,

268 2313 469 2357 cingantne
507 2313 671 2347 animam
698 2318 734 2347 et
759 2313 930 2348 muniant
953 2325 1012 2346 res
1037 2313 1188 2354 υἰίαίσες
1230 2317 1266 2346 et
1301 2323 1380 2356 quae
1405 2312 1460 2344 11ae
1489 2310 1634 2344 intelli-

268 2373 481 2418 gerentur?
514 2374 602 2415 sod,
630 2373 844 2408 habeantne
872 2385 1063 2408 accessum
1089 2374 1134 2407 ad
1164 2384 1260 2414 eam,
1287 2384 1365 2416 qua:
1390 2372 1473 2406 vitae
1496 2371 1635 2405 infesta

264 2433 359 2474 sint,
395 2445 522 2468 necno,
603 2433 810 2479 Forbigcr,
848 2439 996 2471 retenta
1036 2445 1121 2468 cum
1157 2432 1406 2468 Wakefieldio
1446 2433 1634 2466 librorum

267 2493 465 2540 scriptura,
492 2494 655 2528 conferri
680 2497 787 2529 iubet
814 2499 949 2536 testes,
975 2505 1064 2529 sane
1089 2494 1321 2539 superfluos,
1349 2493 1412 2538 qui
1439 2493 1635 2527 ostendant

266 2554 401 2588 Latine
425 2554 498 2588 dici
522 2555 662 2588 munire
688 2556 732 2589 ab
759 2556 884 2600 aliqua
908 2567 971 2595 re,
1009 2567 1056 2590 ne
1084 2555 1120 2589 id
1147 2554 1293 2599 quidem
1322 2554 1514 2599 cogitans,
1547 2553 1633 2585 illos

267 2616 476 2656 ostendere,
505 2616 577 2649 hoc
603 2616 676 2650 dici
704 2629 771 2661 pro
798 2628 855 2659 eo,
880 2618 977 2661 quod
1004 2621 1060 2651 est
1084 2621 1212 2650 contra
1236 2616 1396 2659 ah'quam
1422 2625 1507 2652 rem,
1535 2612 1631 2656 quod

266 2675 428 2719 pertinet
462 2676 509 2708 ad
533 2677 709 2711 Lambini
735 2677 956 2719 lectionem3
992 2678 1064 2722 ipsi
1089 2678 1228 2712 citandi
1255 2680 1381 2716 crant,
1420 2673 1482 2718 qui
1508 2677 1631 2706 osten—

266 2736 411 2776 derent,
437 2737 610 2769 munitum
635 2749 658 2771 α
683 2738 780 2771 vallo
807 2738 879 2771 dici
904 2751 971 2782 pro
1000 2750 1066 2781 eo,
1094 2740 1190 2783 quod
1218 2742 1283 2779 cst,
1312 2735 1485 2770 munitum
1510 2732 1631 2770 vallo,-

265 2807 308 2829 ιω
333 2807 424 2830 saiw
450 2807 521 2830 non
548 2796 629 2830 sinc
656 2809 769 2835 causa
797 2802 908 2836 testes
935 2799 1216 2846 anqilisivi85013
1248 2808 1367 2842 ncqnc
1396 2794 1494 2830 enim
1520 2793 1629 2827 credo

265 2856 444 2891 Latinum
472 2856 509 2889 id
539 2867 627 2892 cese.
