1981 3390
1520 201 1552 249 9

170 339 263 383 quae
294 327 348 369 de
380 323 624 367 nominibus
655 320 910 379 quibusdam
941 334 1077 378 nuper
1107 336 1133 363 a
1160 321 1354 363 barbaris
1385 330 1428 362 et
1457 321 1619 363 Trans-

170 406 327 462 alpinis
365 404 419 445 ad
450 402 586 444 Italos
626 403 869 458 importatis
913 414 1148 456 corumque
1190 399 1516 441 scribendorum
1552 415 1619 441 ra-

170 486 286 525 tione
326 482 551 523 traduntur
572 481 627 534 ¹).
693 479 780 520 Sed
826 480 956 520 iidem
1000 479 1084 519 loci
1130 479 1183 519 ad
1224 477 1417 519 infimam
1451 486 1618 533 partem

169 562 319 603 media!
363 561 526 611 aetatis,
588 560 709 600 cuius
750 572 829 599 nec
872 557 961 599 alia
1003 556 1096 598 ulla
1136 566 1238 598 nota
1267 556 1621 611 deprehenditur,

169 640 249 681 hos
290 638 466 680 libellos
509 638 672 685 referre
716 636 846 692 plane
886 645 1049 679 vetant.
1110 634 1430 692 Argumentum
1460 643 1621 685 autem,

168 726 386 773 sumptum
419 731 477 758 ex
505 718 560 757 iis
593 715 728 766 locis,
772 729 879 770 quos
913 716 1074 755 scimus
1105 714 1297 755 studiose
1327 722 1532 755 tractatos
1565 711 1620 754 ab

169 795 477 852 orthographis
508 794 630 835 illius
663 794 802 834 aetatis
834 807 958 844 esse,
1019 792 1169 833 ordine
1211 792 1264 833 ad
1297 791 1521 834 literarum
1554 805 1622 833 se-

170 877 277 916 riem
307 875 398 915 fere
428 872 774 921 accommodato,
804 870 856 910 de
893 869 1079 925 singulis
1113 869 1337 910 vocabulis
1369 870 1624 924 praecipien-

168 953 250 1001 do,
309 953 403 991 sinc
444 949 534 990 ullo
567 963 711 990 rerum
744 947 987 989 alienarum
1025 956 1202 998 ornatu,
1264 947 1387 989 nulla
1419 948 1624 988 affectata

168 1028 424 1070 eruditionis
457 1028 619 1082 specie,
649 1026 919 1076 absolvitur3
953 1028 997 1067 in
1022 1041 1106 1082 quo
1136 1035 1280 1068 tamen
1302 1028 1448 1078 miror,
1481 1025 1624 1067 Osan-

170 1121 270 1148 num
302 1120 388 1146 nou
423 1105 811 1156 animadvertisse,
873 1105 1075 1147 libellum
1118 1105 1171 1146 de
1211 1105 1494 1161 diphthongis
1536 1118 1623 1145 uon

108 1225 112 1232 ,
168 1184 346 1241 plenum
385 1199 411 1225 a
448 1197 495 1225 se
526 1184 690 1225 editum
721 1198 844 1235 esse3
910 1198 1010 1226 nam
1051 1199 1182 1240 quum
1224 1185 1407 1239 scriptor
1455 1199 1497 1240 p.
1539 1184 1623 1223 122

170 1264 494 1318 proposuisset,
539 1276 586 1303 se
616 1263 668 1303 de
701 1276 768 1304 ae.
800 1264 1012 1318 primum,
1055 1262 1211 1303 deinde
1242 1263 1295 1304 de
1321 1276 1385 1304 oe.
1415 1270 1622 1303 tractatu-

171 1355 265 1382 rum
295 1355 418 1392 esse,
466 1339 887 1396 disputationemque
917 1341 970 1382 de
1003 1355 1069 1382 ae.
1103 1343 1148 1381 in
1182 1349 1268 1382 tres
1302 1349 1447 1396 partes
1478 1339 1623 1380 distri-

170 1420 362 1469 buisset,
407 1433 502 1459 eam
532 1427 725 1473 partem,
769 1433 897 1474 quam
929 1420 981 1460 de
1015 1419 1286 1475 diphthongo
1319 1420 1362 1458 in
1393 1416 1625 1473 principali

168 1498 406 1538 dictionum
432 1494 602 1550 syllaba
632 1510 728 1537 esse
757 1498 919 1552 posuit,
949 1495 1135 1553 perficit,
1165 1497 1275 1538 duae
1309 1496 1474 1538 alterae
1501 1504 1543 1536 et
1570 1495 1624 1536 de

169 1589 234 1618 oe.
268 1573 540 1630 diphthongo
576 1583 792 1631 praecepta
826 1575 1141 1616 desiderantur.
1207 1576 1402 1631 Scriptor
1433 1576 1478 1614 in
1509 1574 1626 1615 codi-

169 1653 292 1696 cibus
321 1651 574 1708 simpliciter
599 1652 815 1710 Apuleius
848 1655 1110 1695 nominatur.
1174 1652 1440 1695 Auctoribus
1468 1659 1625 1707 praeter

169 1731 414 1775 Varronem
444 1732 581 1773 utitur
607 1731 833 1774 Prisciano
864 1740 907 1773 et
937 1731 1120 1774 Isidoro.

301 1809 566 1865 Fragmenta
613 1818 759 1851 autem
821 1811 1000 1852 maioris
1055 1809 1177 1856 illius
1227 1809 1408 1868 Apulcii
1461 1809 1624 1851 habent

168 1888 433 1943 farraginem
456 1886 810 1930 observationum
834 1889 886 1930 dc
910 1903 1065 1930 vocum
1089 1889 1355 1945 quarundam
1378 1887 1625 1929 scribenda·

169 1979 265 2006 rum
295 1964 480 2016 ratione,
514 1980 624 2021 quae
657 1981 741 2022 quo
767 1967 918 2007 ordine
940 1968 1091 2021 posita}
1114 1968 1214 2016 sint,
1245 1980 1328 2021 quo
1358 1966 1430 2006 vel
1464 1967 1626 2006 tenuis-

171 2044 281 2083 simo
314 2041 490 2082 vinculo
523 2045 846 2093 contineantur,
881 2057 1010 2083 nemo
1044 2043 1254 2098 expedire
1286 2051 1450 2097 potest3
1483 2044 1624 2084 maxi-

196 2158 233 2201 ¹)
260 2156 337 2190 Csr.
367 2155 462 2190 Maii
487 2157 589 2202 precs.
617 2170 652 2202 p.
670 2159 842 2193 xxxm.
882 2158 1053 2193 Heinrici
1082 2163 1118 2193 ct
1142 2159 1346 2193 Ilumbcrti
1373 2159 1524 2194 nomina
1547 2171 1622 2193 mo-

264 2221 374 2254 derno
400 2230 422 2253 a
446 2218 708 2263 Transalpinis
737 2226 891 2265 accepta
918 2221 1008 2255 dicit
1033 2233 1067 2265 p.
1096 2220 1176 2262 112,
1213 2220 1405 2262 Rainaldi,
1445 2221 1624 2263 Almonis,

264 2280 476 2319 Voldcriei,
503 2279 707 2322 Vazzonis,
734 2279 887 2314 Vidonis
913 2293 948 2326 p.
976 2281 1064 2324 121,
1094 2281 1159 2315 ubi
1179 2282 1344 2324 famosos
1373 2283 1432 2316 sui
1454 2283 1626 2327 temporis

263 2343 422 2377 hanzines
453 2340 601 2375 Guazzo
628 2345 663 2375 et
689 2341 808 2375 Guido
833 2342 1014 2383 scribere,
1062 2343 1256 2388 plerosque
1291 2349 1411 2379 aulem
1447 2345 1518 2378 duo
1547 2357 1622 2384 uu„

263 2403 359 2448 quod
384 2403 523 2436 omnino
549 2403 691 2436 ratione
718 2408 866 2442 carcat,
893 2404 1058 2439 adnotat.
1107 2405 1275 2440 Difficile
1305 2410 1380 2447 est,
1413 2405 1506 2439 mihi
1529 2417 1623 2452 prae-

262 2463 406 2505 sertim,
432 2463 468 2497 in
494 2475 535 2497 rc
564 2463 808 2509 diplomatica
833 2465 950 2500 Italiae
976 2477 1049 2500 non
1074 2471 1235 2509 versato,
1263 2467 1408 2512 quando
1435 2467 1488 2501 ita
1512 2467 1625 2501 scribi

264 2529 439 2570 coeptum
466 2524 526 2566 sit,
549 2525 791 2571 constituere,
823 2528 886 2561 scd
909 2532 1035 2562 tamen
1061 2527 1236 2562 videntur
1260 2529 1337 2563 haec
1366 2529 1412 2562 ad
1439 2529 1625 2562 decimum

262 2587 324 2620 vel
349 2585 588 2620 undecimum
612 2587 789 2621 saeculum
814 2593 1007 2633 spectat-(33
1057 2594 1224 2624 extrema
1258 2589 1372 2624 medii
1397 2590 1462 2624 aevi
1488 2590 1623 2624 saecula

255 2646 409 2683 omnino
437 2647 652 2683 excludunt.
698 2648 765 2682 Est
784 2648 899 2683 etiam
923 2650 1052 2696 aliqua
1076 2651 1254 2697 temporis
1280 2655 1369 2686 nota
1397 2651 1434 2685 in
1461 2650 1517 2689 iis,
1545 2661 1624 2695 quae

262 2722 296 2755 p.
323 2707 403 2743 113.
425 2709 471 2743 dc
495 2708 604 2742 michi
627 2712 664 2743 et
684 2708 796 2742 nichil
819 2710 963 2753 scribit,
984 2724 1063 2757 quae
1089 2714 1257 2747 moderno
1284 2724 1351 2748 usu
1377 2715 1526 2756 recepta
1552 2711 1622 2745 im-

259 2770 405 2815 probat.
478 2770 545 2805 Est
568 2769 646 2806 hoec
671 2771 859 2807 scribendi
880 2772 978 2808 ratio
1015 2785 1087 2810 non
1115 2774 1168 2809 ita
1191 2785 1344 2815 rcccns;
1392 2773 1463 2808 vid.
1502 2772 1621 2808 Nouv.

262 2830 373 2866 tram:
398 2831 444 2866 de
473 2831 666 2878 diplomat.
697 2833 742 2868 T.
770 2833 831 2875 iv,
863 2846 896 2879 p.
926 2833 1006 2870 507.
1225 2824 1229 2828 “
