1981 3390
432 191 498 240 28

363 326 446 369 ego
478 312 615 367 ipsius
648 324 806 368 graves
837 323 1006 354 errores
1043 312 1089 353 in
1122 310 1306 354 historia
1336 309 1560 354 literarum
1599 309 1814 353 Romana-

360 405 458 434 rum
488 398 733 440 notassem,
766 404 851 430 non
881 392 1035 438 miror3
1076 391 1152 431 sed
1184 399 1328 431 tamen
1356 391 1402 431 in
1433 404 1520 430 uno
1551 390 1740 445 speciem
1767 403 1814 430 se

363 470 524 509 tuentis
557 470 688 509 sumit
716 477 758 508 et
788 469 954 523 quaerit,
987 468 1101 508 unde
1132 476 1312 519 constet,
1344 467 1392 509 P.
1414 467 1627 510 Rutilium
1653 467 1815 509 Rufum

363 545 514 588 Graece
542 547 767 601 scripsisse
794 545 1021 585 historiam
1060 548 1122 600 (p.
1152 547 1267 596 329).
1333 544 1507 601 [Itaque
1536 547 1582 586 in
1612 545 1693 586 hac
1726 545 1816 585 edi-

362 625 483 665 tione
510 624 719 677 adscripsi
749 622 952 662 Athenaei
985 622 1323 678 auctoritatem]
1382 622 1525 665 Unum
1555 631 1622 664 est
1650 624 1695 663 in
1725 630 1815 663 tota

362 701 443 742 illa
477 701 768 753 disputatione
797 706 914 738 recte
944 699 1134 753 positum
1157 707 1212 757 'et
1245 713 1291 738 se
1323 708 1366 739 et
1397 714 1465 740 me
1499 701 1551 741 de
1583 700 1760 741 Phaone
1790 715 1815 741 a

362 777 539 819 Venere
570 784 712 817 amato
741 775 990 817 Graecorum
1031 777 1325 816 narrationem
1361 778 1627 831 praeterisse3
1664 776 1813 832 [quem

360 854 507 897 locum
526 866 639 895 nunc
660 853 872 910 correxi]
930 853 1035 895 Haec
1060 855 1121 894 ita
1147 854 1258 904 dixi,
1291 862 1339 894 ut
1363 855 1516 894 merita
1549 853 1662 895 levis
1694 855 1816 895 vani'-

362 941 430 975 tas
463 947 560 974 esse
597 933 849 983 videbatur,
888 932 1047 972 famam
1082 931 1324 982 erroribus,
1370 939 1575 986 tanquam
1605 946 1720 974 nova
1752 933 1815 973 in·

362 1020 495 1053 venta
528 1019 689 1062 essent,
723 1023 956 1065 aucupans,
986 1023 1116 1065 quum
1149 1017 1248 1050 ante
1279 1023 1469 1051 errorem
1499 1011 1593 1050 sine
1626 1009 1719 1051 ulla
1749 1025 1817 1052 re·-

359 1088 651 1144 prehensione
673 1087 960 1130 sustulissem.
1019 1085 1142 1142 [Non
1171 1089 1521 1138 commemoravi,
1544 1088 1655 1142 qnod
1677 1087 1817 1129 Osan-

362 1180 445 1208 nus
473 1166 696 1222 Fulgentii
735 1165 936 1209 libellum
969 1165 1022 1206 de
1057 1167 1200 1220 prisco
1233 1180 1432 1206 sermone
1462 1165 1569 1206 mihi
1601 1167 1818 1221 opposuit,

361 1246 621 1299 scriptorum
645 1243 819 1284 aliunde
842 1257 928 1283 non
953 1251 1154 1295 notorum
1180 1241 1428 1283 nominibus
1453 1243 1676 1292 refertum,
1697 1244 1819 1283 cuius

362 1330 508 1364 tamen
539 1322 729 1361 codicem
751 1321 854 1360 noni
880 1328 954 1360 aut
983 1328 1099 1360 certe
1127 1320 1283 1361 decimi
1313 1318 1463 1362 saeculi
1485 1319 1669 1363 Parisiis
1696 1320 1818 1361 vide-

360 1400 432 1442 rit.
513 1400 718 1441 Putaram
752 1399 1004 1448 Osannum‚
1059 1398 1161 1453 quid
1200 1400 1433 1439 interesset
1462 1399 1576 1439 inter
1607 1397 1816 1453 Apuleia-

362 1491 463 1519 nam
509 1476 669 1519 citandi
708 1477 921 1517 rationem
957 1483 1000 1515 et
1030 1475 1275 1531 Fulgentii,
1340 1475 1686 1517 animadvertere
1717 1489 1816 1531 pos-

363 1569 435 1608 se3
490 1555 645 1596 deinde
686 1554 977 1604 credideram,
1036 1567 1123 1594 non
1163 1555 1362 1609 ignotum
1408 1552 1478 1593 illi
1522 1567 1646 1604 esse,
1706 1554 1816 1594 anti-

363 1635 556 1689 quiorem
598 1646 694 1674 esse
735 1634 1017 1687 impostorem
1046 1631 1080 1672 F
1086 1630 1328 1686 algentium
1342 1660 1354 1681 ,
1413 1630 1489 1671 sed
1536 1632 1816 1686 impostorem

362 1720 533 1761 tamen,
579 1710 692 1766 quod
718 1724 772 1750 ne
803 1710 928 1764 quis²
973 1723 1104 1764 quum
1134 1707 1211 1750 alii
1240 1709 1434 1750 dixerint
1486 1713 1640 1765 (nuper
1669 1717 1818 1765 aperte

364 1787 620 1843 Bernhardy
651 1788 682 1829 l.
716 1802 846 1844 supra
874 1788 1056 1839 citato),
1101 1800 1170 1827 me
1203 1795 1348 1828 tamen
1387 1796 1488 1829 ante
1527 1787 1611 1829 hoc
1648 1795 1817 1843 tempus

361 1881 449 1910 non
481 1868 650 1908 dixisse
679 1874 828 1922 putet,
873 1865 1008 1906 velim
1039 1865 1267 1919 inspiciat,
1311 1879 1405 1920 quae
1438 1867 1593 1920 scripsi
1624 1867 1670 1909 in
1702 1879 1815 1908 com·

364 1946 629 1988 mentatione
659 1944 711 1986 de
739 1943 933 1986 Asconio
958 1942 1149 1985 Pediano
1178 1957 1221 1997 p.
1247 1943 1304 1983 64
1334 1950 1424 1985 not.
1455 1941 1522 1998 2.]

1974 2263 1981 2413 ³5

1975 2425 1981 2605 ἐ
