1981 3390
470 223 570 274 496

409 347 490 389 cha
521 344 620 387 aliis
650 343 764 387 ludis
796 352 892 388 acta
921 344 1074 388 Cicero
1104 345 1370 388 interiiceret
1411 349 1524 389 inter
1562 360 1638 399 ea,
1675 360 1769 405 quae
1797 351 1850 392 ad

408 439 540 466 unam
571 423 763 465 fabulam
803 424 1095 479 pertinerent}
1158 424 1458 481 Relinquitur,
1500 440 1578 467 nos
1611 429 1801 478 nescire,
1828 443 1855 470 a

408 517 493 558 quo
522 504 665 557 priora
698 501 777 541 illa
805 503 849 541 in
880 501 1187 543 Andromacha
1219 503 1333 545 dicta
1364 506 1450 545 sint
1479 513 1521 545 et
1554 505 1606 546 de
1638 519 1746 560 quo;
1777 505 1855 546 sed

409 580 515 621 talia
545 579 680 620 multa
709 580 964 632 ignorantur
987 580 1043 627 1).
1064 572 1067 575 s

529 655 577 696 C.
615 657 684 705 57,
722 657 828 706 122,
866 654 940 695 ubi
973 663 1062 706 est,
1102 661 1154 696 ut
1182 655 1255 697 vel
1289 669 1316 697 α
1353 655 1506 697 Catulo
1544 679 1602 689 --
1642 660 1857 712 praeclare

404 746 529 788 posse
560 733 653 773 dccc·
685 733 960 783 viderentur,
1002 741 1119 773 recte
1161 734 1253 774 cod.
1284 733 1422 773 Paris.
1461 733 1622 775 habere
1665 737 1857 778 videtur:

408 826 435 852 α
472 810 521 858 Q.
558 810 736 861 Catulo,
780 811 862 850 etsi
892 811 929 850 is
960 810 1091 863 paulo
1122 818 1221 851 ante
1253 812 1498 851 nominatus
1533 820 1623 862 est,
1662 812 1856 853 sed¹alio

406 889 559 936 mod03
600 888 681 929 hoc
723 887 820 928 loco
866 890 979 928 enim
1025 896 1228 943 tanquam
1271 902 1382 928 unus
1414 888 1650 944 singularis
1684 891 1857 930 virtutis

407 975 452 1007 et
482 967 705 1020 dignitatis
731 965 860 1005 homo
891 965 1149 1020 appellatur,
1180 966 1291 1021 quod
1318 964 1414 1006 fieri
1446 966 1559 1007 solet
1582 967 1726 1007 addito
1747 981 1858 1021 prae·

409 1045 599 1084 nomine.
664 1043 749 1082 Sed
779 1044 823 1081 in
856 1043 1004 1082 eadem
1032 1045 1223 1083 sectione
1257 1045 1503 1084 coniectura
1531 1044 1775 1086 adhibenda
1792 1054 1859 1086 est

409 1121 461 1162 ad
495 1128 660 1161 certum
690 1119 892 1159 mendum
923 1119 1178 1160 tollendum.
1235 1120 1389 1161 Editur
1412 1123 1527 1162 enim
1560 1121 1614 1162 31)
1641 1122 1856 1173 omnibus,

409 1199 604 1240 codicum
638 1199 916 1238 auctoritate:
949 1197 1026 1238 sed
1049 1203 1192 1238 tamen
1212 1198 1326 1238 illud
1350 1202 1524 1252 scripsit
1553 1198 1858 1239 disertissimus

398 1282 534 1332 poeta
559 1289 642 1329 pro
678 1288 765 1323 me,
799 1278 892 1328 egit
904 1273 1180 1324 fortissimus
1210 1281 1354 1326 actor,
1383 1288 1468 1316 nou
1497 1277 1630 1316 solum
1661 1279 1859 1330 optimus,

408 1354 462 1394 de
491 1367 570 1393 me.
633 1352 798 1393 Verum
821 1353 894 1407 qui
920 1354 1061 1406 potuit
1084 1353 1232 1394 Attius
1252 1353 1399 1394 multis
1431 1355 1556 1394 annis
1586 1361 1701 1404 ante,
1727 1367 1858 1408 quum

408 1430 560 1471 Cicero
594 1430 779 1470 fortasse
810 1444 864 1469 ne
894 1438 1019 1471 natus
1054 1432 1225 1486 quidem
1258 1439 1399 1482 esset,
1441 1445 1519 1484 pro
1554 1445 1606 1471 eo
1635 1430 1858 1472 scriberet

406 1509 546 1564 Igitur
571 1507 770 1548 Graevius
791 1509 1123 1563 interpretatur:
1154 1510 1242 1550 ”sic
1270 1511 1455 1564 scripsit,
1488 1518 1535 1549 ut
1565 1509 1724 1563 optime
1757 1502 1858 1549 cons-

407 1588 607 1627 venirent
647 1585 747 1625 huic
787 1600 892 1625 meae
928 1585 1155 1626 fortunae.”
1221 1587 1308 1627 Sed
1348 1601 1426 1627 nec
1465 1600 1545 1640 pro
1586 1600 1651 1626 me
1682 1589 1860 1639 scripsit

406 1666 469 1705 ita
500 1664 583 1704 dici
625 1661 716 1702 ullo
748 1663 874 1702 inodo
904 1665 1075 1715 potuit,
1120 1672 1162 1703 et
1198 1665 1469 1718 apertissime
1511 1663 1601 1704 haec
1634 1662 1858 1703 Ciceronis

411 1743 634 1783 sententiae
668 1748 936 1795 repugnant,
977 1742 1049 1795 qui
1089 1740 1169 1781 hoc
1200 1743 1342 1795 ipsum
1385 1741 1513 1790 dicit,
1562 1739 1675 1780 Attii
1705 1738 1854 1789 verba,

409 1818 564 1875 quibus
594 1819 791 1872 ingratus
821 1817 1088 1858 Achivorum
1120 1820 1288 1858 animus
1323 1817 1727 1872 reprehenderetur,
1767 1831 1856 1864 non

410 1900 515 1938 satis
562 1896 613 1936 ad
659 1909 783 1935 suum
817 1909 962 1936 casum
1005 1896 1326 1936 accommodata
1364 1895 1525 1945 fuisse,
1567 1896 1635 1935 cui
1671 1893 1857 1949 populus

407 1975 628 2017 Romanus
661 1974 810 2027 gratiae
842 1973 1077 2013 referendae
1102 1974 1403 2028 cupidissimus
1430 1973 1583 2013 fuisset
1613 1971 1739 2025 (Non
1765 1978 1860 2014 erat

408 2053 522 2094 illud
549 2051 715 2107 quidem
749 2054 937 2104 verum),·
970 2052 1115 2106 itaque
1147 2051 1225 2091 illa
1257 2050 1309 2091 ab
1343 2050 1467 2091 Attio
1497 2050 1549 2090 ad
1579 2050 1638 2101 id,
1672 2050 1784 2105 quod
1800 2052 1858 2091 ”in

408 2130 633 2185 tragoedia
667 2137 896 2183 ageretur,
942 2136 1039 2182 apte
1089 2130 1272 2183 scripta,
1315 2127 1368 2168 ab
1401 2128 1568 2184 AEsopo
1600 2130 1645 2168 in
1682 2142 1730 2168 se
1761 2141 1857 2169 esse

408 2209 590 2249 detorta.
653 2206 751 2259 Ipsa
782 2207 1099 2261 praepositionis
1128 2207 1307 2246 mutatio
1339 2206 1570 2247 admonere
1601 2208 1860 2260 interpretes

410 2285 622 2335 debebat,
664 2285 860 2334 etiamsi,
906 2284 1005 2339 quid
1045 2283 1132 2324 loci
1173 2283 1432 2325 cohaerentia
1473 2283 1737 2338 postularet,
1771 2297 1856 2324 non

411 2362 706 2408 attenderent3
749 2375 822 2400 cur
856 2363 967 2400 enim
996 2375 1080 2400 non
1112 2361 1263 2400 eodem
1290 2362 1415 2400 inodo
1450 2361 1502 2400 de
1534 2361 1700 2411 AEsopo
1731 2360 1855 2400 dicit:

410 2443 501 2495 egit
530 2451 609 2493 pro
643 2439 740 2477 me?
769 2437 915 2477 Sensit
948 2437 1149 2477 mendum
1175 2435 1428 2485 Lambinus,
1462 2438 1534 2491 qui
1563 2437 1718 2477 edidit:
1748 2440 1856 2477 scri-

436 2594 474 2636 1)
500 2591 724 2625 Coniectura
749 2589 904 2625 Orellii:
942 2590 978 2623 z‘n
1002 2588 1168 2621 Enniana
1199 2588 1334 2630 sabula
1368 2600 1435 2633 per
1459 2601 1498 2622 se
1523 2588 1723 2635 dupliciter
1749 2590 1858 2625 labo-

501 2655 582 2693 rat3
608 2662 696 2685 nam
721 2663 787 2685 nec
812 2652 911 2685 hunc
945 2651 1204 2684 nominaturus
1234 2654 1334 2691 erat,
1373 2661 1487 2694 quum
1521 2651 1664 2684 Attium
1690 2663 1761 2685 non
1790 2662 1858 2686 no-

499 2712 684 2754 minaret,
721 2724 788 2746 nec
824 2711 1005 2746 adieetivo
1041 2712 1112 2745 hoc
1145 2711 1292 2755 quidem
1328 2711 1411 2744 loco
1444 2722 1588 2745 usurus.
1643 2711 1720 2745 Nec
1742 2711 1857 2755 paulo

497 2778 582 2818 post
608 2774 652 2807 de
679 2773 762 2808 aliis
788 2773 884 2807 ludis
910 2771 1171 2806 intellecturus
1206 2771 1400 2816 quisquam
1435 2773 1626 2808 Romanus
1653 2775 1756 2811 emt,
1793 2771 1858 2807 sed

499 2836 546 2869 «le
571 2835 695 2871 verbis
723 2835 761 2871 in
785 2834 917 2871 iisdem
941 2833 1039 2870 ludis
1065 2834 1179 2879 paulo
1207 2837 1290 2878 post
1317 2832 1435 2869 dictis.
