1981 3390
388 184 482 233 112

315 306 381 345 his
412 317 579 358 quoque
623 300 758 344 multa
787 302 1070 358 improbanda
1111 316 1206 345 esse
1246 312 1289 344 et
1321 305 1364 344 in
1403 301 1560 344 melius
1591 308 1745 346 mutari

315 396 442 438 posse
474 393 637 421 noram.
709 380 801 421 Nec
834 384 938 422 satis
981 390 1096 432 erat,
1135 396 1267 422 unum
1308 390 1351 423 et
1383 380 1592 432 alterum,
1634 383 1747 436 quod

318 460 495 501 maioris
527 459 732 499 momenti
762 459 1004 509 videretur,
1035 461 1211 508 mutari3
1259 459 1358 510 sed,
1392 473 1521 514 quum
1555 459 1749 500 mutandi

316 536 654 590 emendandique
685 536 854 575 initium
887 535 1046 576 factum
1077 545 1206 588 esset,
1234 537 1277 577 id
1314 551 1440 577 omne
1473 534 1748 577 efficiendum

316 621 434 663 erat,
477 613 589 667 quod
623 612 793 666 quidem
834 625 915 665 ego
958 614 1004 653 in
1050 613 1116 653 his
1147 613 1414 654 orationibus
1457 614 1750 664 emendandis,

315 691 384 741 iis,
417 703 509 745 quae
540 697 689 742 parata
722 696 868 738 erant,
902 687 1106 729 subsidiis
1131 691 1390 740 instructus,
1433 688 1606 731 efficere
1637 705 1751 732 nunc

313 775 524 822 poteram.
597 763 786 805 Tantum
819 765 863 805 in
891 779 1044 805 vocum
1070 763 1392 805 scribendarum
1423 768 1604 817 ratione,
1633 776 1676 808 et
1707 768 1745 807 si

315 858 409 899 quae
438 842 591 884 similis
623 843 796 898 generis
827 850 941 894 sunt,
971 841 1079 883 nihil
1109 843 1152 883 in
1181 841 1426 883 huiusmodi
1460 842 1647 883 editione
1677 858 1753 885 no-

317 921 504 962 vandum
541 919 781 960 videbatur.
848 918 915 959 Ita
946 920 1104 960 factum
1139 928 1219 970 est,
1259 929 1306 960 ut
1334 919 1388 961 ab
1425 919 1650 961 Orelliana
1683 919 1755 961 Ci-

317 1000 485 1040 ceronis
518 1011 695 1051 operum
738 996 951 1047 editione,
994 1011 1120 1052 quam
1161 996 1428 1052 corrigebam
1471 1012 1681 1053 quamque
1708 999 1753 1039 in

318 1074 557 1117 minoribus
586 1073 675 1114 illis
718 1073 807 1115 haec
836 1075 1054 1129 sequitur,
1093 1072 1192 1129 plus
1236 1089 1363 1130 quam
1395 1077 1615 1116 sexcentis
1645 1075 1754 1116 locis

319 1154 362 1192 in
395 1152 463 1192 his
492 1150 584 1193 XII
611 1151 878 1191 orationibus
911 1152 1215 1202 discederetur,
1251 1167 1381 1207 quum
1413 1154 1585 1194 veriora
1614 1155 1755 1193 minus

319 1231 461 1279 veris,
510 1227 838 1269 auctoritatibus
874 1227 1126 1268 confirmata
1163 1230 1338 1269 incertis
1380 1228 1758 1280 substituerentur,

319 1306 550 1347 manifesto
584 1305 758 1355 vitiosa,
791 1319 971 1359 quorum
1005 1305 1250 1345 emendatio
1277 1319 1361 1345 non
1387 1313 1648 1360 suppeteret,
1681 1319 1757 1346 no-

319 1391 538 1433 tarentur,
582 1397 633 1423 ea
663 1390 832 1432 autem,
880 1396 972 1437 quae
1004 1383 1064 1422 ita
1098 1381 1409 1424 dubitationem
1445 1382 1605 1423 habere
1636 1382 1756 1423 vide-

318 1469 490 1510 rentur,
535 1468 582 1500 ut
630 1468 774 1500 tamen
816 1467 890 1499 aut
920 1458 1030 1500 falsa
1071 1474 1166 1500 esse
1210 1458 1431 1500 adfirmari
1471 1474 1555 1500 non
1596 1468 1759 1515 posset,

321 1547 409 1588 aut,
442 1537 516 1578 ubi
546 1538 675 1577 situm
706 1545 820 1577 esset
842 1536 1058 1586 mendum,
1090 1538 1242 1587 teneri,
1271 1538 1432 1577 intacta
1462 1536 1757 1593 relinqueren-

319 1625 402 1657 tur.
465 1614 632 1655 Verum
664 1615 790 1655 huius
813 1628 924 1655 curae
951 1615 1108 1654 criticae
1137 1614 1338 1664 fructum,
1367 1616 1403 1654 si
1436 1615 1530 1668 quis
1563 1622 1642 1664 est,
1669 1613 1759 1654 haec

321 1695 453 1735 editio
486 1686 700 1740 continet;
747 1692 1081 1745 disputationem
1111 1693 1410 1746 rationumque
1439 1692 1759 1746 expositionem

323 1786 408 1813 non
451 1769 704 1810 admittebat
745 1769 987 1810 consilium.
1060 1768 1210 1824 Itaque
1248 1771 1326 1819 iis,
1370 1770 1442 1824 qui
1474 1768 1564 1809 haec
1595 1777 1760 1818 curant,

324 1854 443 1900 (nam
471 1846 673 1902 discipuli
695 1860 776 1887 non
801 1845 1140 1897 desiderabunt,)
1171 1861 1224 1886 ne
1255 1845 1384 1901 plane
1416 1845 1626 1895 deessem,
1655 1854 1696 1886 et
1714 1854 1760 1886 ut

323 1935 501 1984 possent
531 1927 665 1975 scire,
723 1924 822 1978 quid
869 1932 1158 1988 quantumque
1189 1931 1399 1964 mutatum
1437 1931 1574 1973 esset,
1634 1931 1677 1963 et
1705 1936 1760 1964 ex

324 2014 445 2062 parte
479 2005 623 2050 etiam,
655 2015 738 2056 qua
769 2002 1048 2051 auctoritate,
1083 2000 1375 2055 discrepantes
1410 2000 1643 2054 scripturas
1674 1999 1762 2040 edi-

327 2084 456 2124 tionis
489 2079 726 2121 Orellianae
756 2079 799 2118 in
827 2079 915 2118 ima
942 2079 1104 2133 pagina
1135 2079 1196 2117 ita
1228 2077 1451 2132 adscripsi,
1492 2085 1554 2128 ut,
1597 2076 1672 2120 ubi
1702 2091 1772 2118 ex.

329 2158 487 2200 Orellii
519 2157 707 2197 editione
740 2156 942 2196 universe
972 2154 1163 2209 intelligi
1190 2163 1352 2209 posset,
1396 2153 1535 2208 qualis
1562 2153 1762 2194 lectionis

329 2252 354 2278 a
385 2249 452 2276 me
486 2240 666 2286 receptae
696 2233 792 2271 fons
825 2240 952 2280 esset,
998 2230 1106 2271 nihil
1138 2231 1354 2280 adderem,
1397 2229 1472 2269 ubi
1504 2244 1600 2270 mea
1631 2229 1761 2271 lectio

330 2313 383 2355 ab
415 2310 585 2353 Orellio
619 2316 952 2349 commemorata
982 2321 1066 2347 non
1097 2315 1226 2357 esset,
1260 2314 1376 2347 esset
1400 2314 1542 2347 tamen
1567 2307 1764 2362 deprom-

327 2399 402 2447 pta
439 2402 499 2429 ex
540 2393 747 2441 apparatu
788 2385 934 2425 critico
976 2383 1029 2424 ab
1070 2382 1168 2423 aliis
1201 2382 1406 2434 collecto,
1457 2383 1764 2439 significarem,

323 2465 604 2511 *codicibusne
647 2462 803 2504 aliisve
838 2460 1163 2502 auctoritatibus
1205 2475 1258 2500 an
1301 2462 1554 2501 coniecturae
1587 2461 1764 2502 debere-

332 2555 414 2596 tur,
465 2543 663 2596 idemque
695 2541 908 2590 facerem,
960 2537 1035 2579 ubi
1067 2548 1398 2579 commemorata
1441 2539 1611 2593 quidem
1652 2539 1764 2594 apud

333 2620 548 2664 Orellium
580 2618 709 2660 lectio
744 2625 883 2668 esset,
925 2616 1000 2657 sed
1041 2631 1135 2657 cum
1173 2616 1386 2672 singulari
1417 2615 1562 2672 aliquo
1605 2630 1765 2666 errore,

335 2697 638 2741 nonnullarum
680 2695 913 2736 lectionum
955 2708 1066 2735 nunc
1107 2695 1291 2750 primum
1330 2693 1593 2749 prolatarum
1624 2693 1764 2734 fontes

337 2776 622 2828 ostenderem,
653 2772 854 2830 quicquid
882 2772 1065 2828 denique
1096 2786 1193 2814 mea
1221 2773 1466 2814 coniectura
1494 2771 1645 2812 ductus
1676 2784 1766 2812 mu-
