1981 3390
1430 200 1532 249 507

145 320 275 362 modo
308 320 696 361 demonstrativum
729 323 830 372 post
857 316 1091 358 relativum
1120 319 1165 357 in
1186 316 1266 360 huc
1288 322 1602 363 sententiarum

147 398 444 454 implicatione
473 399 633 451 soepius
665 393 872 436 abundat.

257 475 319 516 aeC.
357 477 439 525 69,
480 474 562 514 145
593 472 820 514 scribitur:
862 486 940 528 ego
977 473 1130 527 pulsus
1168 476 1288 524 aris,
1323 472 1474 524 socie,
1517 475 1604 516 dae’a‘s

141 552 402 607 penalibus,
437 551 672 591 distractus·
701 565 729 592 a
759 555 886 601 meis,
922 555 1049 591 curm'
1071 555 1248 605 patria,
1282 565 1432 606 quam,
1468 557 1517 592 ut
1543 553 1604 593 le·

149 632 321 669 va'ssa‘me
370 629 534 678 dicatu,
583 634 699 668 certe
738 634 935 669 texeram
974 636 1058 669 etc.
1131 627 1415 670 Manifestum
1457 638 1603 671 autem

148 706 350 747 mendum
383 715 448 746 est
491 707 535 746 in
569 705 650 746 illo
683 712 904 755 texeram3
951 720 1050 747 nam
1080 714 1126 746 ut
1156 705 1416 758 concedam,
1454 713 1603 762 tegere

150 798 236 824 rem
260 783 478 838 publicum
494 784 696 824 Latinum
715 798 826 834 esse,
861 784 913 824 de
940 799 1024 840 quo
1048 784 1173 826 valde
1200 785 1349 826 dubito
1372 789 1427 836 ¹),
1461 794 1606 826 tamen

148 861 229 902 hoc
263 876 348 902 non
382 863 597 903 levissime
627 863 810 912 dicitur,
842 861 919 902 sed
949 863 1026 912 ita,
1060 870 1106 902 ut
1131 862 1241 902 nihil
1271 865 1408 915 possit
1438 864 1606 917 magni·

149 937 351 980 ficentius
388 939 475 989 vel,
508 941 546 979 si
576 941 738 988 mavis,
768 939 999 979 iactantius
1027 939 1125 980 dici.
1186 939 1280 981 Nec
1311 941 1480 981 codices
1509 954 1606 981 eam

151 1019 407 1071 scripturam
439 1015 626 1064 habent3
670 1031 768 1058 nam
808 1017 853 1058 in
885 1015 1014 1058 Bern.
1040 1018 1185 1072 priore
1222 1026 1288 1058 est
1327 1025 1448 1059 certa
1490 1018 1608 1059 clete·

151 1106 306 1136 xer-am
340 1095 403 1147 (in
436 1093 575 1134 altero
605 1099 724 1134 certa
754 1094 1024 1148 dexteram),
1058 1096 1100 1135 in
1128 1095 1388 1146 parisiensi,
1421 1097 1458 1136 si
1491 1104 1608 1137 recte

150 1172 362 1227 Krarupii
383 1172 706 1213 adnotationem
727 1172 944 1228 intelligO,
963 1179 1079 1214 certe
1095 1174 1405 1214 deielexeram.
1453 1174 1611 1214 Emen-

153 1250 271 1291 datio
298 1249 431 1291 dubia
464 1258 553 1298 est;
587 1250 840 1292 occurrebat
871 1251 1141 1303 dilexeram,
1179 1253 1378 1308 vestigiis
1412 1252 1609 1294 codicum

154 1329 430 1383 proximum;
467 1328 543 1369 sed
572 1329 699 1369 nimis
732 1343 852 1384 paene
880 1328 981 1370 leve
1010 1329 1203 1380 videtur,
1237 1338 1280 1370 et
1311 1331 1486 1385 requiro
1514 1343 1611 1371 ver·

156 1404 284 1457 bum,
326 1420 409 1460 quo
444 1407 581 1457 actio,
614 1421 700 1447 non
728 1408 897 1448 animus
928 1406 1215 1462 significetur.

276 1484 489 1530 Extrema
519 1485 705 1539 denique
739 1486 951 1533 oratione,
983 1487 1124 1536 §146,
1154 1484 1394 1539 tollendum
1427 1493 1492 1526 est
1513 1499 1613 1539 par-

155 1574 259 1601 vum
302 1562 531 1612 mendum,
579 1562 658 1602 sed
700 1563 813 1617 quod
862 1571 995 1604 totam
1040 1572 1286 1618 corrumpat
1335 1564 1611 1603 sententiam.

158 1637 278 1679 Dicit
305 1640 420 1680 enim
452 1638 630 1691 Cicero,
677 1648 725 1680 ut
753 1653 867 1680 nunc
905 1639 1077 1695 quidem
1115 1640 1339 1682 scribitur:
1383 1639 1483 1695 Ego
1511 1653 1613 1681 vero

159 1729 234 1755 vos
261 1719 305 1755 ιἰι
339 1720 456 1756 omui
477 1715 697 1766 fortuna,
729 1730 992 1772 quoecunque
1021 1722 1106 1758 erit
1135 1718 1307 1769 oblatu,
1340 1720 1614 1772 complectar,

159 1805 240 1833 uec
273 1807 338 1833 me
367 1792 420 1834 ab
454 1797 532 1842 ιἰἐ,
574 1807 677 1847 quos
711 1808 801 1834 meo
831 1798 1002 1834 nomine
1033 1795 1278 1835 sordidatos
1316 1796 1498 1846 videtis,
1534 1809 1614 1837 tm·

158 1883 285 1925 quam
326 1871 418 1911 ulla
436 1870 631 1920 fortuna
661 1871 854 1912 divellet.
922 1871 1037 1912 Mire
1075 1886 1122 1913 se
1158 1872 1322 1913 iudices
1363 1878 1459 1923 (eos
1498 1874 1614 1914 enim

160 1947 416 2003 alloquitur)
448 1962 494 1989 se
527 1949 858 2005 complexurum
890 1951 1124 2005 promittit,
1164 1965 1427 2006 quaecunque
1458 1952 1514 1991 sit
1540 1950 1616 1992 ob-

162 2023 254 2067 lata
283 2026 481 2076 fortuna3
514 2028 638 2083 qnasi
677 2027 745 2068 illi
774 2030 837 2069 rei
871 2029 958 2069 sint
989 2036 1031 2068 et
1063 2029 1106 2068 in
1141 2028 1334 2083 periculo
1369 2037 1618 2076 versentur—3

163 2111 206 2145 et
245 2103 360 2145 belle
393 2104 484 2146 haec
525 2105 743 2146 cohaerent
779 2121 874 2147 cum
912 2106 1051 2147 altera
1083 2108 1318 2148 sententia:
1359 2120 1438 2147 nec
1467 2120 1531 2146 me
1561 2105 1615 2147 ab

162 2184 246 2232 iis,
279 2195 383 2235 qao-s·
413 2183 597 2234 videtis,
637 2185 729 2224 ulla
747 2182 942 2233 fortuna
976 2184 1167 2224 divellet.
1225 2184 1396 2225 Deinde
1438 2184 1530 2225 haec
1562 2183 1616 2225 ad

163 2260 389 2312 superiora
409 2262 624 2301 contrarie
652 2261 899 2302 referuntur
917 2261 1034 2316 (Ego
1069 2275 1165 2303 ver
1180 2265 1237 2316 o).
1314 2263 1446 2303 Putes
1471 2264 1620 2317 igitur,

165 2350 263 2377 eum
294 2335 356 2376 ibi
397 2337 450 2378 de
481 2337 696 2379 iudicibus
733 2338 898 2394 aliquid
939 2340 1120 2380 dixisse.
1192 2341 1280 2381 Sed
1313 2340 1374 2381 ibi
1409 2341 1540 2380 etiam
1570 2353 1617 2380 se

165 2423 324 2469 negat,
366 2416 419 2455 iis
459 2415 621 2470 pulsis,
671 2417 744 2471 qui
783 2431 830 2457 se
867 2416 987 2458 urbis
1021 2426 1264 2472 compotem
1306 2418 1533 2468 fecissent,
1574 2418 1617 2458 in

162 2492 270 2533 urbe
302 2507 616 2535 remansurum.
679 2494 830 2550 Itaque
859 2510 972 2537 nunc
999 2510 1104 2537 sane
1137 2496 1263 2546 dicit,
1295 2510 1342 2536 se
1377 2510 1452 2536 eos
1484 2496 1616 2535 comi-

141 2577 355 2630 'taturum
400 2572 442 2610 in
487 2571 688 2612 exilium.
759 2572 998 2615 Manifesto
1036 2575 1170 2631 igitur
1213 2572 1488 2614 scribendum
1515 2580 1619 2612 vest:

194 2700 234 2742 ²)
267 2698 408 2743 Tegerc
433 2699 587 2742 aliquem
611 2699 771 2742 dicitur,
799 2700 933 2734 deinde
968 2703 1056 2747 (pro
1081 2703 1210 2737 Plane.
1239 2700 1339 2744 init.)
1371 2706 1493 2745 [cgere
1519 2701 1617 2734 saln—

261 2764 331 2794 tem
356 2764 390 2793 et
417 2760 528 2793 vitam
551 2761 731 2801 aliculam,-
759 2761 949 2797 abstracta
974 2764 1033 2805 (ut
1058 2773 1184 2798 nostro
1211 2774 1314 2796 more
1341 2763 1494 2808 loquar)
1520 2761 1621 2796 notio

258 2820 317 2855 xci
347 2821 505 2866 publicae
533 2820 572 2856 in
597 2822 695 2856 hanc
719 2822 923 2868 imaginem
953 2823 1013 2859 vix
1039 2823 1180 2859 includi
1204 2826 1338 2868 potest.
