1981 3390
434 253 534 302 428

367 374 497 415 huius
537 373 696 415 codicis
739 372 971 429 aliquoties
1015 375 1146 415 variae
1190 373 1400 416 lectiones
1441 381 1684 429 ponuntur,
1729 373 1813 418 hoc

367 459 447 502 est,
482 451 596 491 docti
625 451 812 491 hominis
839 451 1126 492 correctiones
1159 450 1323 491 levium
1351 451 1657 493 nonnullorum
1684 451 1813 492 huius

365 528 524 568 codicis
557 527 834 576 mendorum,
864 540 950 565 non
980 540 1150 580 semper
1178 542 1292 568 verae
1320 528 1384 581 (ut
1409 530 1490 578 44,
1522 527 1621 583 96),
1654 542 1813 583 pauco-

363 617 458 645 rum
498 604 629 643 etiam
663 609 908 656 apertorum
943 615 1134 641 errorum
1167 617 1227 642 ex
1260 605 1404 644 codice
1434 605 1667 659 archetypo
1699 613 1814 645 orto-

361 695 480 730 rum,
526 688 571 718 ut
603 693 639 718 c.
668 680 749 727 30,
792 679 848 716 66
885 680 1033 730 potnit
1073 692 1151 731 pro
1197 679 1360 729 doluit,
1400 680 1511 734 quod
1553 683 1811 735 optimorum

363 756 557 797 codicum
592 755 793 795 mendum
825 755 870 794 in
899 767 988 794 uno
1029 761 1194 794 tantum
1233 762 1440 810 praeterea
1473 755 1720 798 Oxoniensi
1750 756 1809 813 (χ)

361 833 583 874 remansit.

482 909 554 949 Ex
585 908 641 948 iis
671 906 914 958 codicibuS,
945 909 1017 961 qui
1050 908 1101 948 ad
1137 909 1307 949 tertiam
1339 907 1550 949 familiam
1579 909 1810 961 pertinent,

358 999 471 1026 unus
506 993 572 1025 est
599 992 754 1038 praeter
785 997 886 1034 eos,
918 999 1024 1039 quos
1055 999 1186 1039 supra
1212 987 1571 1036 commemoravi,
1604 1000 1689 1026 non
1719 1000 1812 1026 mu-

360 1062 535 1110 tilatus,
577 1060 625 1101 C.
660 1060 897 1115 Stephani,
942 1076 1068 1115 quem
1113 1076 1137 1102 a
1172 1064 1310 1115 prima
1353 1061 1429 1102 illa
1469 1065 1603 1117 stirpe
1637 1071 1813 1117 propter

359 1139 628 1193 frequentem
661 1140 703 1178 in
739 1138 997 1178 parisiensis
1031 1146 1071 1177 et
1106 1136 1338 1178 Beruensis
1371 1139 1567 1179 dissensu
1600 1155 1693 1180 cum
1730 1139 1810 1180 hoc

357 1217 599 1271 posteriore
632 1216 959 1255 consensionem
993 1214 1201 1255 facillime
1242 1215 1497 1269 dignoscaS,
1538 1231 1562 1256 a
1599 1215 1811 1256 Rernensi

359 1301 503 1333 autem
549 1292 759 1346 disiungit
813 1299 856 1331 et
896 1291 949 1331 ad
993 1293 1161 1331 tertiam
1205 1291 1326 1332 illam
1365 1291 1574 1332 familiam
1615 1292 1812 1347 adiungit

357 1383 445 1409 non
477 1377 565 1409 tam
594 1370 640 1409 in
681 1367 867 1423 singulis
907 1367 1015 1408 locis
1049 1368 1281 1418 discessio,
1325 1383 1418 1422 quae
1451 1369 1635 1409 fortasse
1675 1369 1813 1409 videri

355 1448 495 1501 possit
532 1447 694 1486 sensim
740 1446 1050 1500 depravatione
1100 1453 1216 1495 orta,
1262 1460 1387 1500 quam
1429 1454 1472 1486 et
1512 1444 1734 1499 singulare
1765 1446 1810 1484 in

355 1537 443 1563 uno
476 1522 574 1563 loco
605 1536 658 1563 ex
694 1524 905 1577 scriptura
923 1522 1044 1562 illius
1074 1523 1220 1577 stirpis
1242 1524 1415 1577 propria
1441 1531 1578 1562 ortum
1607 1521 1808 1561 mendum

356 1601 398 1654 (ξ
429 1601 457 1639 9
487 1598 852 1652 conspiciebamus
891 1612 948 1638 ex
994 1600 1206 1653 scriptura
1240 1598 1566 1639 Gemblacensis
1609 1607 1651 1638 et
1680 1597 1848 1656 Pala--x

354 1677 435 1716 tini
468 1677 588 1725 noni)
624 1684 666 1715 et
698 1674 832 1715 multo
863 1677 1003 1729 magis
1036 1684 1271 1730 perpetuus
1314 1676 1405 1716 fere
1450 1689 1543 1715 cum
1580 1675 1807 1716 Oxonicn-

353 1751 473 1793 sibus
514 1751 721 1793 codicibis
766 1751 932 1807 aliquot
974 1766 1234 1802 consensus,
1284 1766 1390 1806 quos
1437 1764 1586 1792 omnes
1629 1765 1688 1791 ex
1727 1750 1807 1793 illa

351 1829 520 1871 familia
545 1817 646 1869 'esse
677 1830 822 1870 statim
853 1828 1077 1869 ostendam
1100 1829 1154 1881 ¹).
1230 1827 1445 1882 (Orellius
1478 1828 1661 1868 eundem
1694 1827 1807 1869 hunc

352 1915 396 1947 et
427 1905 692 1946 Beruensem
734 1905 917 1945 alterum
960 1918 1055 1946 esse
1098 1903 1321 1961 suspicans
1355 1905 1408 1945 ad
1438 1907 1506 1955 17,
1545 1907 1600 1945 39
1634 1920 1674 1959 p.
1708 1907 1805 1956 13⁰,

351 1997 437 2024 non
467 1985 573 2024 satis
613 1983 665 2024 ad
710 1983 939 2023 discrimen
973 1982 1187 2034 attendit).
1263 1981 1683 2034 Depravatissimum
1716 1983 1803 2023 iam

349 2062 536 2115 repetita
579 2060 867 2115 descriptione
910 2059 1098 2100 codicem
1141 2059 1276 2099 fuisse
1318 2067 1524 2113 apparet,
1567 2061 1644 2099 vix
1679 2058 1806 2100 Oxo·

352 2139 493 2177 niensi
522 2148 571 2188 ψ,
603 2139 639 2178 si
672 2139 843 2190 integer
874 2137 911 2175 is
943 2143 1072 2185 esset,
1102 2136 1467 2192 aequiparandum.
1531 2135 1803 2196 Quamquam

350 2228 404 2254 ne
436 2223 602 2254 constat
633 2215 829 2270 quidem,
869 2211 1053 2268 singulis
1095 2214 1137 2254 in
1181 2212 1365 2267 singulis
1409 2212 1677 2254 orationibus
1708 2213 1803 2254 Ste-

350 2289 541 2344 phanum
575 2291 793 2331 codicibus
819 2303 943 2329 usum
976 2302 1071 2329 esse
1099 2303 1149 2329 ac
1181 2303 1264 2330 non
1299 2305 1321 2330 e
1346 2288 1544 2344 pluribus
1574 2291 1681 2330 istas
1699 2291 1802 2329 scri-

347 2375 497 2422 pturas
532 2366 653 2406 nullo
685 2367 843 2406 iudicio
865 2365 1092 2405 delectuve
1119 2367 1401 2416 excerpsisse.
1468 2364 1709 2405 Tollendus
1738 2374 1804 2407 est

350 2445 393 2483 in
425 2451 671 2483 transcursu
706 2441 865 2481 Orellii
899 2455 1030 2489 error,
1059 2441 1131 2494 qui
1164 2442 1206 2480 in
1236 2441 1339 2480 edit.
1368 2442 1533 2483 minore
1570 2441 1637 2484 ad.
1669 2455 1705 2484 c.
1734 2444 1802 2492 ll,

347 2522 404 2561 26
436 2528 478 2560 et
510 2520 562 2560 ad
596 2534 632 2560 c.
661 2520 743 2568 32,
775 2520 830 2559 70
861 2531 1049 2560 errorem
1080 2515 1258 2558 subesse
1287 2524 1438 2571 putat,
1471 2517 1582 2572 quod
1613 2516 1743 2559 lectio
1775 2533 1800 2558 e

438 2669 523 2699 mes,
549 2657 585 2691 in
607 2667 678 2690 sec.
707 2654 898 2693 unanimis,
931 2654 994 2687 scd
1025 2653 1062 2687 in
1090 2652 1292 2687 collatione
1319 2652 1398 2686 cod.
1424 2653 1576 2687 secundi
1603 2656 1658 2688 est
1682 2657 1796 2688 toam-

441 2719 598 2750 hammes.

374 2780 410 2822 ¹)
438 2777 644 2812 Subiiciam
679 2778 792 2822 paulo
831 2775 930 2808 intra
965 2773 1167 2807 lectionum
1202 2773 1337 2809 codicis
1368 2775 1407 2808 C.
1437 2773 1618 2818 Stephani
1645 2785 1794 2820 compa·

437 2837 621 2873 rationem
646 2849 730 2874 cum
753 2834 906 2881 reliquis
934 2833 1124 2868 codicibus
1150 2846 1216 2880 per
1242 2839 1324 2869 octo
1350 2835 1472 2880 primu
1495 2833 1630 2880 capita.
