1981 3390
1468 240 1561 290 105

188 364 356 405 laudem
388 375 471 404 non
499 360 679 402 detraho
711 358 834 401 libris
850 373 971 416 paene
1000 360 1176 415 ignotis,
1206 359 1282 400 sed
1310 367 1453 400 tamen
1484 374 1535 401 ea
1564 376 1622 402 ex

189 457 240 483 eo
271 455 353 482 non
385 437 684 489 confirmatur,
724 438 837 494 quod
875 436 1028 478 Cicero
1060 452 1238 494 gravem
1272 451 1462 478 errorem
1493 446 1626 488 notat,

190 519 330 575 Varro
369 517 421 556 de
454 514 596 556 Plauti
637 517 860 556 comoedia
892 516 1115 567 dissentit,
1158 515 1329 556 Gellius
1371 517 1623 571 scriptorem

187 595 356 651 frigidis
400 595 666 648 argumentis
708 607 833 634 usum
866 593 1047 641 iudicat;
1093 602 1136 634 et
1174 602 1272 634 sunt
1310 608 1414 635 sane
1455 593 1625 649 frigida.

187 672 433 713 Graecarum
477 671 648 727 quidem
692 670 914 712 literarum
959 686 1011 712 ea
1043 673 1259 727 cognitio,
1299 680 1347 712 ut
1379 671 1542 726 aliquid
1575 671 1626 712 de

187 752 364 805 tragicis
417 750 560 790 dicere
613 756 783 805 posset,
831 763 916 790 non
965 749 1246 805 dubitandum
1291 757 1380 800 est,
1440 750 1541 804 quin
1580 750 1625 789 in

188 828 309 870 Attio
341 828 494 877 suerit,
535 828 607 881 qui
650 825 807 866 multas
846 825 1017 866 fabulas
1060 841 1085 866 a
1125 826 1288 866 Graecis
1321 826 1375 866 a‘l
1408 826 1626 867 Romanos

190 905 423 947 transtulit.
487 903 571 944 Sed
594 905 688 956 ipsa
705 910 770 942 est
793 901 1046 957 diligentius
1069 902 1379 942 consideranda
1400 902 1628 953 dubitatio,

189 982 301 1036 quod
332 994 426 1021 cum
458 981 539 1030 iis,
578 991 671 1033 quae
701 979 826 1018 initio
856 977 983 1019 huius
1014 980 1387 1019 commentationis
1419 979 1626 1029 diximus,

188 1059 416 1099 coniuncta
445 1064 538 1107 est,
580 1056 759 1097 cadatne
789 1069 928 1112 genus
957 1063 1093 1096 totum
1124 1057 1354 1111 scriptonis
1383 1058 1428 1096 in
1461 1056 1629 1097 Attium

171 1149 369 1190 eamque
399 1142 584 1175 aetatem.
647 1133 697 1174 In
727 1147 812 1189 quo
844 1133 1081 1184 cavendu‘m
1113 1141 1202 1184 est,
1243 1148 1322 1182 ne,
1365 1135 1477 1189 quod
1506 1148 1633 1189 supe·

190 1215 279 1254 rius
312 1214 462 1268 attigi',
508 1211 617 1252 nihil
646 1213 857 1252 interesse
890 1211 1114 1252 credamus
1146 1212 1259 1252 inter
1286 1220 1481 1266 tempora
1503 1211 1631 1252 valde

191 1290 389 1340 diversa,
425 1288 856 1343 constituendumque
901 1290 1169 1339 accuratius,
1207 1290 1319 1330 inter
1356 1303 1463 1344 quos
1495 1289 1632 1330 bomi-

195 1381 296 1418 nes,
340 1381 424 1422 qua
466 1365 690 1407 literarum
723 1375 847 1407 aetate
879 1365 1027 1407 Attius
1059 1367 1236 1406 vixerit.
1300 1364 1413 1407 Nam
1447 1368 1484 1407 si
1515 1367 1631 1407 Livii

192 1444 426 1484 Andronici
459 1453 533 1484 aut
574 1428 716 1484 Naevii
747 1451 821 1484 aut
850 1444 980 1484 Ennii
1018 1445 1148 1484 etiam
1181 1443 1268 1484 tale
1308 1445 1513 1499 scriptum
1548 1445 1633 1486 fer-

195 1530 328 1572 retur,
354 1523 448 1561 iure
465 1520 749 1562 dubitaretur.
811 1520 940 1561 Esset
958 1522 1070 1562 enim
1090 1535 1174 1561 non
1198 1522 1339 1561 minus
1356 1521 1447 1562 fere
1463 1523 1633 1572 mirum,

194 1613 321 1655 quam
351 1598 463 1654 quod
498 1597 630 1654 vulgo
661 1599 714 1639 de
747 1598 799 1639 L.
830 1597 981 1640 Cincio
1014 1598 1238 1641 Alimento
1268 1599 1472 1650 traditur,
1507 1614 1633 1654 quem

196 1691 248 1718 eo
285 1685 502 1732 tempore,
535 1691 619 1732 quo
648 1678 813 1732 primus
841 1676 1020 1718 annales
1047 1691 1191 1718 rerum
1225 1677 1517 1718 Romanarum
1548 1676 1634 1717 La-

195 1756 307 1795 tinos
338 1753 499 1796 Fabius
539 1754 674 1795 edidit
713 1754 1036 1811 scribendaeque
1077 1754 1268 1796 historiae
1302 1763 1431 1794 tenue
1463 1755 1635 1795 initium

194 1832 353 1873 factum
387 1841 479 1883 est,
521 1831 574 1872 de
608 1831 754 1873 verbis
785 1833 963 1888 priscis,
1004 1832 1056 1873 de
1087 1832 1332 1883 fastis,‹de
1363 1847 1411 1872 re
1445 1831 1635 1880 militari,

195 1908 249 1950 de
278 1908 502 1950 consulum
532 1918 746 1964 potestate
779 1909 1024 1965 ,similiaque
1056 1910 1282 1964 scripsisse
1316 1917 1513 1954 narrant3
1564 1909 1635 1961 qui

197 2000 331 2034 error,
358 1987 402 2025 in
428 2000 511 2040 quo
534 1988 664 2026 etiam
681 1986 948 2027 Niebuhrius
979 1986 1304 2026 fundamentum
1333 1985 1636 2037 disputationis

197 2061 371 2119 aliquod
401 2062 523 2115 ponit
554 2062 683 2112 (Hist.
708 2062 831 2103 Rom.
863 2061 905 2102 II
937 2076 978 2116 p.
1010 2063 1063 2101 lo
1096 2060 1148 2101 ed
1178 2061 1237 2111 2),
1272 2059 1373 2100 olim
1407 2075 1431 2100 a
1462 2059 1636 2115 Longo-

200 2138 259 2179 lio
291 2138 617 2179 animadversus
659 2147 746 2190 est,
784 2153 922 2193 nuper
962 2153 987 2179 a
1017 2137 1219 2194 Zumptio
1254 2138 1315 2194 (in
1345 2136 1572 2179 Iahrbiicb.
1606 2138 1635 2178 f.

199 2215 449 2258 wissensch.
494 2213 648 2255 Critik.
688 2217 808 2257 1829.
850 2215 908 2257 II.
950 2214 1006 2257 N.
1049 2218 1117 2266 12)
1169 2215 1381 2256 sublatus.
1471 2214 1636 2255 Verum

198 2292 372 2343 Attius,
401 2293 514 2333 inter
543 2307 667 2347 quem
698 2301 740 2333 et
766 2294 1012 2347 superiores
1036 2292 1136 2333 illos
1162 2294 1411 2334 interiectus
1444 2301 1535 2333 erat
1560 2293 1640 2333 Pa-

198 2371 375 2420 cuvius,
408 2369 584 2410 dimidio
617 2369 765 2410 seculo
796 2372 959 2422 maior,
987 2371 1101 2412 vixit
1131 2385 1226 2411 cum
1259 2369 1308 2411 C.
1337 2369 1533 2420 Lucilio,
1566 2374 1635 2425 qui

199 2448 282 2488 etsi
324 2454 427 2488 natu
459 2449 599 2488 minor
629 2448 733 2498 fuit,
782 2457 925 2491 tamen
967 2457 1066 2490 ante
1107 2448 1277 2490 Attium
1319 2456 1383 2489 est
1422 2457 1641 2496 mortnus;

200 2524 406 2580 grandior
446 2526 540 2566 eius
582 2534 684 2567 aetas
726 2527 771 2567 in
803 2527 848 2568 id
878 2535 1045 2582 tempus
1070 2527 1245 2576 incidit,
1275 2540 1358 2581 quo
1391 2529 1637 2580 grannuati-

201 2616 349 2643 corum
400 2603 544 2644 studia
591 2602 738 2644 Romae
786 2603 1013 2647 fervebant
1053 2604 1160 2654 (vid,
1199 2604 1377 2645 Sueton.
1415 2603 1467 2643 de
1506 2603 1639 2643 illust.

203 2694 383 2734 gramm.
424 2694 459 2720 c.
495 2682 564 2731 3),
615 2679 849 2736 habuitque
892 2696 1013 2738 poene
1061 2681 1295 2738 aequalem,
1342 2681 1471 2736 paulo
1513 2689 1637 2721 aetate

208 2757 483 2809 inferiorem,
517 2757 568 2799 L.
601 2757 766 2800 AElium
798 2759 1009 2801 Stilonem
1042 2761 1361 2808 Praeconinum,
1398 2758 1524 2798 huius
1554 2766 1640 2798 stu-

210 2833 269 2873 dii
300 2834 419 2888 paene
448 2837 684 2892 principem
708 2838 821 2879 inter
847 2837 1090 2887 Romanos,
1139 2837 1342 2878 Varronis
1376 2838 1639 2892 magistrum,
