1981 3390
452 209 513 259 18

382 330 553 387 vulgari
584 344 730 373 errore
764 344 860 372 cum
893 331 1117 373 Parmensi
1150 331 1443 384 confudisset,
1485 333 1598 375 hunc
1631 332 1831 377 Cassium

379 409 591 451 Severum
627 409 840 464 tragicum
871 409 1083 451 effecisse.
1169 410 1231 452 At
1272 414 1295 463 ς
1327 413 1385 452 30
1433 410 1664 454 Cornelius
1698 412 1833 454 Seve-

378 501 450 527 rus
480 485 599 527 bello
630 486 778 528 Siculo
811 487 924 543 apud
953 487 1191 543 Apuleium
1221 489 1438 533 laudatur.
1535 490 1712 532 Scilicet
1743 499 1830 533 sta-

377 565 455 604 tim
499 563 587 605 alio
630 564 837 621 exemplo
879 566 1150 618 videbimus,
1210 567 1324 608 hunc
1364 568 1584 610 hominem
1642 584 1701 611 ex
1743 584 1831 611 uno

379 641 528 682 Ovidii
560 641 656 681 loco
675 671 688 690 ,
719 643 841 682 cuius
870 643 1037 684 incerta
1069 654 1184 685 esset
1218 647 1460 698 sententia,
1489 648 1598 689 duos
1631 649 1830 690 effecisse

376 720 624 773 scriptores.
691 719 897 775 Sequitur
930 721 1045 775 apud
1067 721 1283 762 Ovidium
1316 738 1356 762 v.
1385 725 1463 765 10:

552 796 608 836 Et
639 810 737 838 cum
769 797 922 838 subtili
950 798 1124 839 Priscus
1158 807 1339 854 uterque
1371 797 1530 841 Numa.

374 874 619 915 Priscorum
647 883 799 917 neuter
829 877 873 916 in
902 876 1158 932 fragmentis
1190 887 1574 929 commemoratur,
1604 879 1688 920 nisi
1719 880 1832 935 quod

371 968 412 1008 p.
453 954 482 993 '7
523 955 547 1004 ξ
586 954 642 994 16
683 967 764 1008 pro
824 953 999 1009 Crispus
1051 953 1290 996 Grotefend
1338 956 1513 997 Priscus
1570 957 1829 1011 corrigebat.

372 1031 461 1073 Sed
502 1045 561 1071 ex
609 1030 763 1072 subtile·
801 1031 945 1074 Numa
985 1040 1104 1074 ortus
1149 1041 1215 1073 est
1252 1047 1294 1088 p.
1335 1035 1364 1074 9
1405 1037 1428 1086 ᾗ
1469 1036 1527 1075 26
1588 1033 1736 1075 Numa
1783 1039 1830 1076 in

373 1108 617 1164 dogmatum
642 1108 929 1165 philosophz'oe
962 1110 1072 1151 libro
1106 1115 1261 1161 tertio,
1298 1126 1476 1166 prorsus
1508 1112 1692 1153 ridiculo
1724 1127 1827 1168 poe-

372 1188 500 1228 matis
543 1188 733 1228 nomine.
823 1188 1047 1230 Proximis
1091 1189 1290 1230 versibus
1327 1191 1379 1229 11
1417 1198 1459 1230 et
1489 1191 1544 1230 12
1589 1190 1826 1231 Montanus

372 1273 755 1317 commemoratur,
807 1267 880 1321 qui
913 1280 1066 1340 versus
1094 1281 1223 1321 quum
1254 1275 1502 1321 poematum
1532 1269 1712 1308 nomina
1740 1282 1826 1308 non

371 1341 692 1398 significarent,
749 1343 864 1399 apud
892 1343 1130 1399 Apuleium
1163 1358 1203 1399 p.
1243 1345 1271 1383 8
1299 1347 1321 1395 ξ
1352 1345 1405 1385 19
1434 1344 1677 1386 Montanus
1704 1345 1825 1388 nullo

373 1421 517 1462 addito
548 1422 697 1476 scripti
727 1423 903 1462 nomine
946 1423 1118 1462 citatur.
1201 1420 1421 1476 Deinceps
1459 1423 1571 1478 apud
1614 1423 1823 1465 Ovidium

371 1507 572 1554 quattuor
604 1507 705 1540 sunt
736 1500 789 1540 de
822 1499 986 1542 Sabino
1016 1512 1192 1550 versus,
1234 1513 1414 1554 quorum
1444 1500 1528 1540 duo
1560 1502 1769 1542 extremi:

489 1576 662 1632 Quique
690 1591 813 1619 suam
845 1577 1074 1619 Troezena
1104 1577 1490 1633 imperfectumque
1519 1579 1686 1619 dierum

487 1654 695 1696 Deseruit
725 1655 858 1697 celeri
890 1664 1029 1697 morte
1061 1654 1248 1696 Sabinus
1278 1669 1401 1710 opus.

372 1732 520 1788 Itaque
552 1733 665 1788 apud
696 1733 931 1789 Apuleium
963 1734 1115 1774 eodem
1135 1763 1147 1784 ,
1186 1748 1270 1788 quo
1300 1733 1562 1782 Montanus,
1605 1733 1702 1775 loco
1729 1734 1824 1775 lau-

369 1811 493 1852 datur
525 1809 718 1872 Sabinus
748 1815 795 1851 in
831 1811 1077 1863 Trisenel).
1173 1812 1423 1866 Sequuntur
1462 1813 1573 1866 apud
1615 1812 1821 1854 Ovidium

369 1904 440 1930 vv.
474 1890 543 1940 17,
572 1890 647 1929 18:

487 1966 745 2022 Ingeniique
781 1966 849 2005 sui
886 1965 1024 2006 dictus
1056 1964 1315 2021 cognomine
1349 1965 1535 2022 Largus,

490 2043 662 2086 Gallica
694 2045 766 2099 qui
796 2043 1032 2098 Phrygium
1063 2043 1191 2083 duxit
1222 2045 1266 2083 in
1298 2057 1404 2084 arua
1437 2058 1603 2095 senem,

369 2136 475 2179 quos
525 2124 832 2177 interpretatus
876 2119 1091 2176 Apuleius
1146 2120 1297 2161 eadem
1347 2123 1509 2175 pagina
1552 2127 1575 2175 ξ
1616 2124 1671 2163 18
1717 2124 1822 2165 citat

380 2201 596 2241 Valerium
630 2199 824 2254 Largum
856 2202 903 2240 in
937 2199 1174 2239 Antenoris
1205 2197 1442 2247 erroribus,-
1491 2199 1642 2240 eodem
1677 2201 1819 2251 modo,

369 2292 476 2335 quos
518 2278 746 2334 proximos
787 2278 932 2333 posuit
975 2275 1160 2317 Ovidius
1191 2290 1233 2317 v.
1270 2277 1350 2328 19,
1379 2277 1461 2328 20,
1503 2275 1735 2320 Camerino
1778 2288 1822 2320 et

394 2460 433 2504 1)
458 2459 525 2494 Vix
555 2457 727 2494 credibili
756 2469 883 2492 errore
910 2457 1083 2492 Osannus
1110 2468 1195 2492 cum
1219 2456 1361 2492 Sabino
1386 2461 1509 2502 pocta,
1535 2457 1660 2492 Ovidii
1686 2458 1820 2502 amico,

457 2532 568 2566 quem
592 2521 719 2554 Amor.
746 2530 892 2564 quoquc
916 2519 964 2559 11,
992 2518 1048 2561 18,
1073 2518 1120 2553 27
1144 2531 1220 2564 sqq.
1249 2519 1428 2561 celebrat,
1453 2519 1631 2565 cuiusque
1650 2525 1724 2555 tres
1742 2521 1823 2567 cpi-

456 2583 559 2617 stolae
584 2581 776 2616 Ovidianis
801 2581 1000 2615 heroidum
1026 2580 1193 2625 epistolis
1217 2582 1484 2626 respondentes
1513 2587 1655 2615 exstare
1683 2586 1820 2627 putan-

457 2647 532 2685 tur,
557 2646 758 2688 antequam
783 2642 938 2676 Ovidius
964 2641 1161 2686 epistolam
1188 2642 1297 2677 illam
1323 2654 1366 2676 cx
1392 2643 1511 2677 Ponto
1532 2642 1693 2687 scripsit,
1717 2655 1820 2677 mor-

459 2709 548 2746 tuo,
580 2703 773 2739 confundit
795 2703 1005 2738 Masurinm
1032 2704 1237 2745 Sabinum,
1273 2702 1549 2738 nobilissimum
1575 2704 1818 2740 iurisconsul-

459 2769 559 2807 tum,
602 2765 666 2810 qui
687 2765 833 2800 Tiberii
859 2770 895 2799 et
920 2765 1173 2811 proximorum
1199 2765 1470 2809 imperatorum
1495 2764 1724 2810 temporibus
1749 2765 1819 2801 sso-

459 2824 543 2861 ruit.
594 2826 676 2860 vid.
703 2837 793 2871 quos
819 2826 864 2861 dc
892 2837 934 2860 co
959 2826 1089 2862 laudat
1116 2827 1226 2862 Bzrhr
1252 2838 1286 2871 p.
1314 2825 1395 2861 551.
1423 2829 1497 2862 not.
1527 2827 1559 2861 1.
