1981 3390
483 242 583 291 482

421 364 495 413 sit,
523 361 572 402 id
586 359 653 410 fic
677 363 959 416 propensius,·
991 363 1132 403 minus
1161 360 1348 403 dilucide
1380 361 1576 418 explicat
1600 366 1735 419 (certe
1759 353 1870 419 apu'd

424 439 684 489 Orellium);
717 453 816 479 nam
850 444 946 479 utro
980 448 1067 480 est:
1110 439 1169 480 ad
1196 445 1519 495 utrumcunque.
1584 442 1696 484 Mox
1726 442 1873 484 delen-

421 518 522 559 dum
557 517 678 558 codd.
710 517 965 556 auctoritate
994 529 1240 569 praenomen
1273 517 1419 558 Sestii.

545 593 594 634 C.
629 594 706 643 45,
736 595 792 632 96
822 591 998 642 Cicero,
1028 600 1256 646 postquam
1287 595 1372 634 duo
1403 609 1498 635 esse
1529 609 1693 647 eorum,
1725 598 1797 652 qui
1826 597 1871 637 in

423 686 469 712 re
501 670 678 725 publica
709 669 995 710 excellentius
1018 682 1065 708 se
1096 683 1250 724 gerere
1283 670 1520 721 studerent,
1549 686 1711 724 genera
1741 675 1871 724 dixit,

419 747 693 803 popularium
726 755 768 787 et
799 747 1070 800 optimatum,
1103 760 1177 787 eos
1210 748 1270 787 ita
1301 745 1525 788 describit:
1562 745 1649 794 Qui
1679 764 1745 799 ea,
1775 764 1870 805 quae

406 824 649 875 faciebant
680 838 852 879 quaeque
879 822 1104 874 dicebant,
1144 824 1418 864 multitudini
1444 825 1637 866 iucunda
1673 825 1875 888 volebant

417 916 522 952 esse,
551 902 798 956 populares,
833 905 908 956 qm·
929 907 1069 941 autem
1103 904 1167 941 ita
1188 901 1476 955 regerebant,
1507 907 1557 942 at
1576 915 1656 942 sua
1685 904 1870 945 consilia

416 984 574 1034 optimo
606 983 760 1035 cuique
795 978 1056 1034 probarent,
1099 983 1325 1033 optimates
1356 978 1638 1020 habebantur.
1694 979 1866 1022 Deinde

418 1057 506 1109 (97)
537 1056 758 1111 adiungit,
801 1065 849 1096 ut
882 1056 1054 1111 quidem
1096 1055 1330 1106 Gruterus,
1375 1055 1599 1107 Graevius,
1642 1057 1869 1100 Ernestius

415 1133 665 1175 ediderunt:
722 1131 827 1180 Quis
861 1146 964 1187 ergo
996 1136 1080 1173 iste
1109 1137 1292 1187 optimus
1325 1135 1534 1187 quisque?
1589 1133 1661 1175 De
1692 1147 1866 1175 numero

416 1215 458 1252 se·
486 1215 653 1266 quoeris,
681 1209 1032 1251 innumerabiles.
1128 1210 1248 1265 ⁷eque
1282 1214 1393 1250 em'm
1420 1211 1551 1251 aliter
1582 1216 1700 1252 stare
1723 1226 1868 1266 posse-

414 1303 505 1330 mus
538 1297 621 1329 etc.
686 1287 881 1329 Orellius
917 1295 1083 1338 autem,
1110 1289 1336 1338 inductus,
1363 1289 1531 1343 opinor,
1564 1303 1589 1328 a
1620 1287 1868 1341 Schuetzio,

416 1381 543 1422 quem
575 1364 779 1406 Lambini
817 1366 1064 1406 coniectura
1096 1374 1415 1415 commoverat,
1456 1373 1499 1405 et
1531 1366 1576 1405 in
1620 1367 1785 1407 maiore
1825 1375 1867 1407 et

431 1458 458 1484 n
487 1446 652 1485 minore
684 1444 875 1484 editione
906 1444 1101 1497 scripsit:
1138 1441 1226 1491 Qua·
1255 1456 1357 1497 ergo
1389 1444 1497 1483 isli?
1533 1443 1724 1496 Optimus
1752 1448 1867 1498 qnia·-

414 1535 509 1576 que,
535 1530 577 1562 et
605 1536 629 1561 a
659 1520 879 1562 codicibus
905 1520 1130 1561 discedens
1162 1528 1205 1561 et
1235 1534 1260 1561 a
1292 1534 1394 1562 vera
1425 1522 1641 1562 sententia
1664 1530 1866 1577 rectaque

413 1600 544 1639 ctiam
574 1598 744 1638 dicendi
781 1598 919 1638 forma
951 1597 1084 1653 longe
1116 1597 1337 1638 aberrans.
1400 1595 1512 1638 Nam
1542 1605 1590 1637 ut
1623 1598 1676 1638 de
1707 1599 1864 1641 codici-

410 1675 492 1716 bus
527 1677 714 1731 primum
754 1675 917 1724 dicam,
960 1674 1053 1715 cod.
1095 1675 1140 1714 S.
1173 1674 1290 1715 vict.
1329 1673 1441 1730 (Pal.
1470 1673 1515 1728 9)
1549 1684 1591 1715 et
1621 1673 1751 1717 Bern.
1789 1676 1865 1718 ha-

410 1753 516 1795 bent
542 1766 741 1807 prorsus,
771 1760 820 1792 ut
849 1760 978 1792 antea
1007 1750 1239 1801 edebatur,
1277 1760 1443 1791 tantum
1479 1752 1592 1805 quod
1621 1752 1675 1793 de
1705 1754 1866 1796 omitti-

410 1839 478 1871 tur
509 1817 554 1870 in
583 1829 734 1880 Bern.,
771 1842 898 1884 quem
933 1842 1027 1868 cum
1060 1828 1105 1868 S.
1134 1827 1252 1869 Vict.
1282 1828 1505 1883 redarguit
1531 1829 1654 1880 Pan,
1701 1832 1745 1872 in
1778 1847 1861 1887 quo

411 1916 477 1949 est
509 1911 605 1962 quis
643 1921 721 1962 pro
752 1910 960 1962 quisque,
1006 1904 1175 1960 reliqua
1214 1913 1262 1945 ut
1299 1907 1342 1946 in
1381 1905 1486 1948 illis.
1554 1906 1724 1949 Deinde
1763 1911 1863 1962 ista,

411 2001 539 2042 quam
572 1986 803 2035 inducunt,
833 1984 1117 2038 interrogatio
1150 1984 1421 2037 ineptissima
1455 1993 1543 2033 est3
1573 1985 1864 2042 interrogatur

412 2065 526 2104 enim
557 2063 608 2104 de
643 2078 710 2113 eo,
740 2061 852 2117 quod
878 2070 970 2102 erat
998 2076 1135 2116 nuper
1164 2059 1403 2103 definitum.
1466 2061 1559 2104 Nec
1580 2064 1749 2118 ignoro,
1782 2064 1863 2106 hoc

409 2140 626 2183 Orellium
671 2149 922 2195 ceterosque
957 2143 1072 2190 (nam
1105 2140 1236 2180 etiam
1264 2137 1462 2180 Matthiae
1496 2139 1698 2182 similiter
1728 2139 1860 2196 errat)

408 2228 644 2274 negaturos
675 2218 975 2272 dicturosque,
1008 2231 1121 2258 nunc
1151 2216 1286 2258 altero
1317 2217 1413 2259 loco
1447 2219 1733 2274 interrogari,
1767 2220 1860 2274 qui-

407 2310 506 2338 nam
542 2297 740 2337 homines
772 2310 912 2351 quove
954 2297 1055 2336 vitae
1103 2309 1264 2350 genere
1309 2303 1353 2336 et
1389 2295 1487 2336 loco
1524 2297 1611 2336 sint
1646 2295 1713 2337 illi
1748 2297 1859 2352 opti—

408 2381 566 2420 mates,
599 2373 735 2412 sedin
760 2386 810 2411 eo
836 2386 1096 2426 magnopere
1114 2372 1339 2412 falluntur.
1391 2371 1502 2413 Nam
1531 2373 1584 2413 de
1613 2372 1718 2422 illis,
1749 2385 1856 2426 quos

406 2451 715 2502 descripserat,
762 2447 1067 2503 optimatibus,
1109 2451 1187 2502 qut
1213 2451 1258 2487 e'n
1287 2461 1335 2487 re
1367 2447 1544 2501 publica
1571 2448 1855 2489 versabantur

409 2533 452 2568 et
478 2532 525 2568 in
558 2541 610 2568 ea
642 2540 688 2567 se
727 2526 1013 2566 excellentius
1047 2523 1283 2579 gerebant,
1329 2525 1461 2579 quoeri
1493 2526 1576 2566 isto
1606 2527 1733 2567 modo
1766 2540 1852 2568 non

405 2613 590 2661 poterat,
623 2619 702 2646 nec
733 2603 799 2644 illi
830 2611 978 2653 erant,
1009 2611 1055 2642 ut
1087 2603 1232 2643 statim
1263 2602 1444 2653 dicitur,
1474 2605 1758 2658 municipales
1783 2618 1855 2646 ru-

405 2687 590 2739 sticique
639 2683 849 2732 Romani,
910 2684 1078 2735 negotii
1124 2685 1347 2736 gerentes,
1406 2679 1605 2722 libertini
1658 2681 1855 2737 denique.

405 2759 575 2802 Deinde
594 2759 660 2801 illi
676 2759 1004 2816 interrogationi
1023 2757 1366 2814 respondendum
1387 2767 1478 2811 erat
1496 2758 1651 2800 Latine
1669 2774 1677 2801 :
1708 2763 1859 2813 optimi

402 2842 573 2894 qm‘que.
637 2837 758 2881 Nihil
789 2852 893 2882 vero
926 2850 1178 2892 responsum
1211 2851 1306 2879 esse
1336 2852 1481 2893 posse,
1514 2837 1701 2880 ostendit
1730 2851 1852 2892 aper-
