1981 3390
1429 264 1529 313 367

150 384 344 437 sequitur
367 383 509 423 statim
533 383 577 422 in
609 381 758 422 eadem
792 382 1022 430 sententia,
1055 394 1113 421 ex
1147 380 1273 421 bonis
1305 381 1429 423 libris
1462 387 1598 425 omni-

153 457 232 498 bus
256 467 490 514 receptum,
520 471 574 498 ac
595 458 735 507 stand,
768 456 1003 513 habuitque
1032 457 1340 512 obsequentem
1361 457 1601 509 Orellium;

149 536 322 575 iniuria.
386 533 497 574 Nam
526 540 575 573 at
611 535 654 574 in
690 533 877 589 simplici
908 535 1180 589 oppositione
1219 549 1296 588 pro
1325 535 1403 575 sed
1427 535 1601 576 Cicero-

150 613 325 652 nianum
348 623 432 650 non
463 617 543 660 est,
576 624 655 652 nec
688 613 773 652 coit
800 611 881 652 hoc
909 611 1006 652 loco
1038 626 1133 652 cum
1163 611 1373 664 particula
1405 613 1597 666 quidem,-

148 701 202 728 (ιο
230 707 283 717 -
314 687 481 740 quidem
517 689 787 741 aptissimum
832 697 897 729 est·
937 691 1144 729 orationis
1187 689 1481 737 coboereutiae3
1526 690 1600 729 ad·

146 764 341 819 iungitur
367 765 480 804 enim
504 766 717 819 superiori
750 767 976 806 sententiae
1003 767 1199 819 (qum-nm
1227 769 1448 807 civitatum
1479 773 1597 807 ulra-

148 854 230 895 que
261 840 505 889 foederata
539 845 646 893 esl),
690 842 757 892 id,
808 843 922 897 quod
959 842 1213 882 naturaliter
1254 846 1599 897 exspectaretur,

147 915 334 958 Netinos
379 917 534 958 saltem
562 919 734 959 secisse.
800 917 942 958 Nimis
978 918 1154 958 delicati
1192 931 1339 959 sumus
1381 920 1598 961 interdum

146 994 190 1033 in
224 996 481 1049 repetitione
510 995 701 1035 eiusdem
732 993 952 1049 particuloe
983 994 1184 1044 vitanda,
1214 1002 1261 1033 ut
1292 994 1374 1035 hoc
1409 993 1521 1046 loco,
1554 997 1599 1036 in

146 1084 231 1124 quo
273 1071 448 1111 diverso
480 1079 659 1111 accentu
698 1069 1000 1126 proferebatur
1041 1072 1084 1111 in
1124 1072 1248 1111 initio
1290 1073 1515 1112 sententiae
1555 1080 1600 1112 et

144 1147 189 1186 in
222 1148 315 1187 eius
361 1147 559 1201 partibus
579 1147 844 1206 jungendi&
915 1147 1001 1188 Sed
1042 1149 1181 1203 magis
1214 1146 1436 1203 improbo,
1484 1148 1597 1202 quod

144 1230 188 1263 et
218 1222 446 1278 Zumptius
484 1233 527 1265 et
564 1224 760 1265 Orellius
792 1222 1095 1265 difficillimum
1132 1224 1301 1275 locum,
1342 1226 1415 1279 qui
1450 1233 1515 1265 est
1548 1226 1594 1265 in

145 1299 297 1340 eodem
337 1301 477 1354 capite
514 1305 537 1352 ξ
569 1303 638 1351 57,
684 1310 770 1341 tam
814 1300 973 1341 leviter
1010 1302 1265 1356 expediunt.
1337 1301 1447 1342 Na‘m
1481 1302 1596 1356 quod

144 1381 194 1416 ut
230 1380 276 1416 in
309 1376 487 1417 iudiciis
529 1378 676 1418 dicunt
711 1391 806 1418 esse
847 1379 918 1418 ''in
951 1377 1130 1433 reliquis
1160 1378 1356 1428 iudiciis,
1401 1377 1596 1433 vulgari-

143 1451 278 1502 bus‘'‚
324 1453 438 1494 unde
478 1453 560 1494 hoc
596 1454 858 1509 intelligitur
890 1464 932 1495 et
971 1469 1063 1509 quae
1091 1464 1156 1496 est
1193 1455 1285 1496 haec
1316 1457 1596 1510 comparatio,

143 1530 267 1584 quasi
299 1529 452 1570 Verris
481 1531 685 1571 iudicium
717 1545 803 1572 non
830 1531 917 1571 sit?
970 1531 1157 1581 Deinde,
1185 1531 1297 1586 quod
1328 1540 1461 1572 totam
1489 1531 1597 1572 alte-

141 1620 233 1646 ram
266 1614 433 1660 partem
467 1609 690 1647 sententiae
727 1609 833 1662 (''sic
868 1607 946 1648 tibi
989 1609 1034 1648 in
1072 1622 1202 1648 causa
1244 1609 1594 1663 repetundarum,

144 1697 276 1738 quum
307 1697 393 1723 non
423 1683 522 1738 plus
550 1699 637 1725 una
667 1686 842 1725 civitate
872 1686 1071 1724 invenire
1101 1697 1268 1738 posses,
1301 1684 1436 1725 multo
1464 1685 1598 1725 hone-

143 1761 252 1800 stius
287 1760 369 1800 fuit
402 1761 527 1813 etc-²⁹)
561 1762 701 1802 audiri
730 1761 909 1812 volunt,
942 1761 1125 1802 oblitum
1163 1775 1258 1801 esse
1287 1769 1440 1814 putant
1473 1761 1596 1802 Cice-

143 1851 294 1877 ronem
326 1837 368 1877 id
394 1837 559 1894 dicere,
594 1838 706 1893 quod
737 1839 879 1878 dicere
913 1839 1240 1893 quummaxime
1271 1838 1419 1887 vellet,
1453 1840 1596 1893 posita

145 1915 467 1968 comparatione
499 1923 541 1954 et
571 1923 661 1955 tota
691 1916 856 1970 protasi
889 1915 1210 1955 accuratissime
1241 1914 1522 1964 decurrente,
1552 1923 1598 1954 ut

143 2005 198 2031 ne
227 1992 272 2031 in
302 1990 644 2032 familiarissimo
677 1992 848 2046 quidem
876 2006 1075 2032 sermone
1109 1991 1237 2031 homo
1265 1990 1498 2044 diligenter
1529 1990 1596 2031 lo-

144 2080 280 2122 quens
324 2066 394 2107 hic
432 2069 671 2108 orationem
702 2070 1018 2123 interrupturus
1056 2068 1234 2114 fuisset3
1275 2080 1373 2106 nam
1412 2065 1596 2106 oblitum

145 2158 240 2184 esse
268 2152 463 2198 oportet;
495 2143 636 2199 figura
667 2145 837 2200 quidem
863 2143 1088 2185 omittendi
1116 2142 1236 2183 nulla
1262 2151 1341 2183 est.
1405 2142 1498 2183 Nec
1529 2157 1595 2194 ea,

143 2235 238 2276 quae
269 2229 509 2276 sequuntur
540 2223 643 2276 (quo
677 2221 900 2277 spectabat
928 2221 1117 2262 Manutii
1147 2219 1343 2269 conatus)
1376 2234 1597 2275 compara-

143 2300 305 2339 tionem
339 2297 525 2348 habent,
559 2299 634 2339 sed
669 2298 992 2340 conclusionem
1022 2312 1082 2338 ex
1114 2299 1195 2348 iis,
1225 2311 1319 2352 quae
1352 2306 1452 2337 ante
1482 2298 1596 2337 dicta

142 2383 242 2416 sunt
266 2375 318 2415 de
345 2388 523 2415 numero
543 2374 832 2417 laudatorum.
890 2373 1194 2416 Confitendum
1226 2382 1292 2414 est
1325 2373 1596 2429 simpliciter,

140 2450 309 2502 locum,
353 2459 401 2492 ut
440 2450 642 2494 scribitur
681 2453 888 2494 maximis
932 2450 1261 2493 auctoritatibus
1303 2449 1596 2501 confirmatus,

141 2528 340 2583 expediri
361 2541 446 2569 non
470 2543 613 2584 posse.
676 2529 886 2571 Mendum
920 2529 1093 2570 videtur
1124 2542 1220 2570 esse
1247 2528 1596 2582 antiquissimum

141 2606 186 2644 in
218 2618 306 2644 uno
337 2605 551 2646 vocabulo
591 2607 794 2656 iudiciis-,-
835 2621 933 2647 nam
968 2620 1138 2662 quoquo
1168 2614 1210 2646 te
1244 2606 1453 2653 verteris,
1486 2603 1596 2644 iudi·

140 2681 308 2721 ciorum
342 2684 605 2736 comparatio
633 2685 780 2740 inepta
811 2686 906 2726 erit.
971 2682 1064 2724 Nec
1081 2683 1208 2723 video
1233 2682 1475 2736 quit-situm,
1504 2681 1596 2733 qui-

140 2771 238 2798 nam
269 2757 431 2798 fuerint
470 2759 515 2799 in
559 2759 659 2802 aliis
690 2763 861 2802 iudiciis
895 2761 1171 2809 laudatores,
1216 2770 1394 2812 quorum
1430 2764 1593 2796 certum

138 2847 364 2876 numerum
396 2837 660 2878 consuetudo
693 2838 946 2893 postularit3
989 2839 1032 2878 in
1068 2836 1249 2892 privatis
1283 2833 1454 2887 quidem
1490 2846 1591 2873 nus-
