1981 3390
1462 221 1528 269 75

145 337 307 379 rit-hius
342 338 431 380 haec
467 338 711 393 fragmenta
739 334 902 378 Bonnae
930 337 1103 390 ederet,
1135 339 1216 380 hoc
1250 341 1309 381 ita
1340 353 1592 396 expressum

146 425 234 457 est:
268 420 314 457 in
342 429 423 471 quo
455 415 676 470 usti-agia
707 421 829 465 sttui,
865 420 994 457 etlam
1026 422 1225 468 senatvs»,
1245 429 1342 473 ‘qua
1373 420 1595 474 interpun-

146 495 315 545 ctione,
346 493 492 534 nescio
525 506 683 534 casune
713 507 766 534 an
795 492 1050 536 lleinrichio
1079 494 1281 548 iubente,
1326 495 1498 538 sublata
1528 506 1596 539 est:

146 561 362 622 eius‘rei,
390 585 517 627 quam
551 571 672 621 dixi,
718 569 999 626 significatio.
1073 571 1202 623 Quod
1234 573 1502 616 Niebuhrius
1528 589 1596 616 se-

146 656 270 690 cutus
302 650 363 700 (in
402 648 563 703 Duple‘k
592 663 694 704 geg.
724 649 837 690 Hrn.
875 649 1133 692 Stemacker
1165 667 1208 708 p.
1249 654 1322 702 10>
1353 652 1595 708 significari

148 725 217 768 hic
250 726 469 771 celebrata
502 727 580 767 illa
608 726 671 768 VI
692 728 905 784 suffragia
922 729 1274 786 iudicavitidque
1291 729 1596 773 Heinrichium

149 804 454 856 intellexisse,
494 806 576 845 etsi
615 819 839 846 numerum
875 820 960 846 non
991 807 1241 848 addidisset.
1312 809 1376 849 Ea
1409 811 1597 850 auctori-

147 891 214 922 tas
244 881 466 923 Mosernm
498 892 539 923 et
569 881 786 923 Orellium
807 885 967 933 movit,
998 891 1047 924 ut
1062 882 1184 924 illam
1202 886 1596 940 interpunctionem

146 961 398 1010 retinerent,
427 957 797 1014 probabiliterque
828 957 1118 1002 Niebuhrium
1151 961 1424 1003 scribendum
1455 965 1598 1018 suspi-

147 1037 237 1077 cari
264 1036 528 1077 iudicarent:
559 1040 605 1076 in
630 1049 712 1091 quo
734 1047 816 1076 sea:
837 1036 1058 1092 suffragia
1079 1045 1192 1079 sunt.
1255 1039 1312 1080 Et
1355 1049 1448 1081 erat
1490 1055 1596 1082 sane

147 1115 393 1155 necessaria
444 1115 650 1162 mutati03
711 1117 759 1155 in
810 1118 1007 1169 equitatu
1060 1117 1174 1158 euim
1219 1130 1311 1158 esse
1359 1118 1596 1173 ruffi-aglu,

144 1190 326 1232 ridicule
368 1192 539 1233 dicitur.
625 1191 789 1234 Mirum
837 1201 1007 1244 tamen,
1057 1193 1150 1235 haec
1195 1194 1359 1236 turbari
1402 1197 1446 1237 in
1498 1196 1596 1238 loco

146 1267 354 1310 hactenus
395 1270 567 1325 quidem
599 1279 775 1325 aperto,
820 1280 869 1312 ut
901 1273 954 1312 de
984 1271 1130 1313 verbis
1164 1274 1398 1329 iungendis
1429 1288 1482 1314 ne
1517 1276 1596 1315 mi-

148 1348 266 1387 nima
304 1347 477 1402 quidem
523 1346 748 1389 dubitandi
793 1363 924 1390 causa
963 1350 1034 1390 sit.
1122 1350 1276 1402 Patet,
1328 1353 1597 1393 commodam

147 1423 298 1479 populi
340 1424 516 1465 civilem
558 1425 894 1480 descriptionem
925 1426 1119 1476 laudari3
1160 1443 1211 1469 eo
1253 1431 1368 1469 enim
1405 1440 1600 1485 spectant

149 1501 338 1553 ordines,
383 1511 547 1553 aetateS‚
580 1502 766 1551 classes3
806 1503 903 1553 (cfr.
946 1503 999 1545 de
1039 1504 1179 1561 Legg.
1212 1505 1301 1557 Ill,
1335 1510 1413 1559 19,
1460 1511 1516 1549 44
1546 1510 1598 1550 de

148 1581 334 1621 comitiis
364 1581 639 1622 centuriatis:
672 1579 930 1636 Dese-reptas
954 1583 1144 1636 populus
1176 1597 1329 1635 censa,
1362 1586 1600 1638 ordinibus,

147 1657 374 1709 aetatibus,
416 1667 459 1700 et
497 1659 549 1700 de
592 1659 745 1700 eadem
786 1674 834 1700 re
878 1659 970 1711 III,
1014 1661 1068 1711 3,
1099 1664 1150 1702 7:
1202 1661 1331 1703 Exin
1361 1667 1598 1715 (censores)
1652 1714 1666 1718 -

145 1741 379 1792 pecunias,
417 1741 643 1788 oevttaces,
675 1737 851 1778 ordines
872 1742 1130 1792 par-tinulo,
1167 1744 1354 1794 equilum
1380 1744 1599 1797 peditum-

148 1829 230 1870 que
257 1816 422 1870 prolem
455 1814 729 1857 describuulo
743 1819 778 1870 ς)
813 1818 859 1857 in
893 1816 974 1858 hac
1007 1825 1151 1858 autem
1170 1833 1230 1859 re
1261 1819 1384 1867 nulla
1415 1835 1596 1876 usquam

148 1900 214 1934 est
246 1895 440 1945 mentio,
481 1893 630 1935 nullus
661 1894 783 1936 locus
810 1903 1014 1947 senatus,
1056 1894 1228 1936 consilii
1259 1896 1436 1952 publici.
1501 1900 1600 1948 Quo

151 1972 284 2025 igitur
313 1970 393 2011 illa
422 1962 552 2011 eliam
584 1978 760 2012 senatus
798 1988 878 2028 per
917 1987 964 2013 se
1003 1974 1146 2027 posita
1174 1974 1398 2028 spectant?
1444 1976 1599 2018 deinde

155 2061 238 2103 quo
283 2046 392 2088 illud
435 2049 579 2102 ipsum
623 2051 789 2089 etlam?
848 2047 916 2089 Ita
962 2057 1167 2105 tauquam
1210 2050 1345 2091 cauda
1377 2052 1599 2095 adhaerent

154 2125 287 2166 verba
317 2129 445 2166 eliam
475 2131 666 2176 senalus,
701 2127 826 2182 quasi
860 2127 1103 2168 mirandum
1130 2129 1210 2179 sit,
1257 2129 1329 2170 vel
1361 2144 1458 2171 eum
1489 2130 1598 2173 bene

153 2217 248 2244 esse
278 2203 552 2257 descriptum.
622 2203 819 2254 Deinde,
856 2213 904 2245 ut
936 2205 1118 2247 addatur
1150 2220 1354 2248 numerus
1388 2211 1600 2261 senarius,

152 2281 254 2337 quid
284 2294 392 2336 opus
426 2288 518 2321 erat
547 2280 656 2331 dici,
690 2283 736 2322 in
767 2283 963 2338 equitatu
995 2297 1090 2324 esse
1121 2298 1204 2325 sex
1238 2287 1473 2342 suffragia,
1508 2303 1600 2344 quae

151 2358 286 2414 vulgo
326 2373 380 2400 ne
432 2361 605 2400 nomine
653 2359 824 2415 quidem
874 2375 900 2401 a
941 2361 1123 2418 reliquis
1164 2365 1369 2405 centuriis
1407 2368 1599 2421 equitum

149 2436 533 2478 discernebantur?
576 2437 776 2480 Maxime
806 2447 952 2480 autem
983 2426 1172 2482 editores
1204 2441 1453 2497 haesissent,
1479 2447 1516 2485 si
1547 2446 1600 2486 dc

151 2517 220 2567 iis,
252 2529 345 2571 quae
375 2523 638 2571 sequuntur,
681 2518 987 2573 cogitassenty
1019 2533 1113 2574 quae
1147 2521 1261 2561 enim
1302 2520 1380 2563 illa
1420 2523 1601 2574 utilitas,

153 2608 279 2649 quam
311 2592 406 2634 tolli
438 2593 597 2635 multos
631 2609 789 2650 cupere
823 2596 952 2648 dicit,
982 2597 1162 2638 redditis
1191 2601 1312 2655 equis
1326 2601 1341 2641 ’ἕ
1400 2600 1599 2642 Profecto

153 2687 237 2714 non
269 2681 359 2714 tota
388 2671 468 2713 illa
499 2672 755 2728 descriptio,
788 2689 881 2731 quae
901 2689 987 2717 non
1007 2674 1258 2718 tollebatur.
1314 2677 1599 2733 Equitatusne

156 2752 287 2806 igitur
319 2751 584 2807 descriptio}
616 2750 931 2797 Nominaverat
959 2763 1125 2796 tantum
1151 2758 1404 2812 equitatum,
1434 2756 1597 2799 nullam

154 2827 384 2871 utilitatem
417 2828 701 2886 significarat,
734 2845 826 2887 quae
859 2834 942 2874 isto
974 2833 1100 2874 modo
1134 2833 1375 2884 tolleretur,
1412 2849 1462 2875 ne
1497 2837 1595 2890 quid
