1981 3390
1528 284 1627 330 2⁴5»

229 407 414 463 legitur,
467 407 585 446 cives
621 403 866 454 Romanoa,
906 404 978 458 qui
1018 400 1219 442 firmandi
1260 402 1430 456 imperii
1476 418 1605 444 causa
1639 407 1684 444 iu

229 484 423 524 colonias
454 479 748 532 mittebantur,
775 481 974 521 detrusos
1009 493 1105 521 esse
1139 479 1347 520 dixerunt
1377 481 1526 534 eisque
1553 479 1684 535 longe

228 559 430 614 p'raelatos
461 557 716 613 permultos,
751 557 907 613 quibus
943 572 1001 598 ex
1032 558 1346 613 peregrinitate
1382 558 1425 597 in
1460 559 1683 598 civitatem

228 637 414 690 receptis
446 637 600 676 civitas
633 650 726 676 cum
757 638 968 691 suffragio
1001 635 1197 685 dabatur,
1225 649 1351 690 quam
1389 642 1504 676 esset
1534 635 1576 675 id
1604 649 1681 690 per

227 726 274 753 se
304 714 485 764 mirum,
537 727 590 753 ne
639 713 740 754 illos
783 714 954 769 quidem
998 715 1141 768 ipsos,
1193 713 1265 768 qui
1307 712 1350 753 id
1396 710 1682 763 affirmarunt,

226 788 382 830 fallere
410 792 548 845 potuit
571 793 623 840 ¹).
692 790 860 846 Itaque,
891 800 938 832 ut
971 793 1182 832 rationem
1212 789 1401 845 aliquam
1437 789 1680 840 redderent,

225 867 375 908 foecem
400 867 550 922 populi
580 868 623 907 iu
647 882 720 908 eas
748 868 1011 910 exhaustam
1036 875 1426 909 commemorarunt
1449 868 1507 917 ²),
1539 865 1680 916 obliti,

227 944 375 986 saecem
415 944 565 999 populi
600 946 706 984 iuris
740 947 974 985 amissione
1009 946 1221 985 offensam
1260 957 1344 983 non
1380 957 1484 983 sanc
1519 942 1678 983 bonam

225 1020 411 1062 aliorum
435 1020 761 1075 tranquillitatis
780 1022 1001 1062 custodem
1026 1022 1214 1062 futuram
1232 1020 1382 1060 fuisse.
1431 1019 1517 1060 Sed
1543 1028 1681 1060 totum

222 1097 305 1138 hoo
347 1098 400 1138 ad
443 1112 494 1138 ea
537 1106 758 1152 tempora,
812 1099 969 1155 quibus
1017 1098 1285 1140 coloniarum
1330 1097 1681 1138 deducendarum

221 1176 333 1217 ratio
364 1183 459 1216 orta
492 1183 534 1215 et
567 1177 801 1217 constituta
845 1185 933 1227 est,
980 1176 1033 1217 ab
1067 1178 1121 1217 iis
1163 1174 1429 1231 temporibus
1472 1175 1680 1214 traduxe-

221 1260 337 1304 runt,
372 1252 526 1307 quibus
547 1251 618 1293 Ti.
638 1261 680 1292 et
700 1252 748 1293 C.
774 1252 959 1294 Gracchi
982 1253 1175 1295 colonias
1199 1251 1455 1295 condebant.
1515 1252 1681 1300 Quam-

224 1343 350 1384 quam
383 1343 436 1370 ne
469 1329 511 1369 hi
546 1329 717 1384 quidem
745 1331 805 1371 ita
836 1330 955 1385 plebi
984 1330 1144 1371 infimae
1173 1329 1400 1371 consulere
1428 1337 1679 1384 potuerunt,

222 1415 270 1446 ut
303 1414 505 1461 tanquam
537 1406 684 1447 faecem
717 1416 961 1449 contentam
989 1421 1084 1449 esse
1115 1406 1273 1448 debere
1297 1407 1521 1447 commodo
1544 1405 1679 1461 agelli

224 1497 320 1526 cum
364 1484 668 1524 imminutione
716 1485 941 1540 dignitatis
988 1486 1180 1526 iudicare
1222 1485 1488 1525 viderentur.
1552 1484 1680 1524 Anti-

222 1561 366 1616 quitus
406 1574 620 1615 pauperes
654 1560 928 1617 plerumque,
969 1563 1044 1603 sed
1078 1561 1181 1603 boni
1225 1561 1410 1611 milites,
1456 1575 1532 1615 spe
1577 1563 1677 1601 vita:

220 1636 392 1678 facilius
426 1638 740 1689 sustentandae,
788 1641 870 1680 etsi
901 1653 995 1680 cum
1025 1638 1176 1680 labore
1210 1644 1329 1690 (nam
1364 1652 1424 1678 ex
1453 1652 1559 1693 agro
1592 1652 1678 1678 non

219 1716 281 1756 ita
311 1728 468 1769 magno
503 1714 685 1757 colendo
720 1718 860 1758 victus
895 1715 1213 1772 quaerebatur),
1258 1714 1583 1766 invitabantur,
1632 1723 1680 1755 ut

221 1793 437 1833 communi
481 1793 544 1832 rei
586 1792 772 1847 publicae
814 1794 916 1834 sede
960 1793 1113 1836 relicta
1146 1796 1259 1835 inter
1293 1792 1476 1833 aliorum
1511 1807 1679 1834 morum

223 1868 422 1910 homines
455 1867 700 1927 infidusque
731 1870 1001 1920 habitarent;
1032 1856 1318 1928 poterantque
1343 1870 1477 1924 deligi
1505 1869 1677 1926 publice

223 1946 276 1988 ad
319 1947 365 1987 id
411 1946 578 1988 militiae
618 1961 757 2004 genus
801 1950 867 1991 rei
909 1949 1093 2006 publicae
1141 1947 1506 2007 praestandumss).
1587 1945 1678 1987 Nec

248 2103 286 2148 ¹)
313 2103 482 2138 Fuerunt
506 2108 657 2148 tamen,
694 2118 762 2141 nec
787 2108 927 2143 indocti
963 2107 1129 2153 alioquin
1154 2105 1346 2146 homines,
1385 2116 1475 2150 quos
1501 2106 1554 2140 ita
1580 2105 1677 2139 nihil

310 2160 448 2197 horum
481 2166 673 2208 turbaret,
717 2173 757 2203 ut
792 2169 928 2211 etiam,
966 2181 1080 2214 quum
1118 2170 1206 2213 lnge
1233 2167 1329 2201 Iulia
1354 2166 1486 2201 civitas
1522 2167 1678 2202 daretur

311 2221 419 2256 sociis
445 2228 479 2257 ct
502 2224 664 2269 Latinis,
691 2229 790 2263 solas
815 2230 981 2265 colonias
1009 2230 1148 2263 civium
1167 2229 1333 2262 exclusas
1353 2231 1550 2271 putarent,
1578 2227 1677 2272 quod

311 2282 411 2324 apud
436 2284 635 2329 scriptores
663 2300 794 2323 earum
817 2289 853 2324 in
879 2290 947 2324 illa
964 2301 1004 2323 re
1029 2291 1134 2323 nulla
1156 2290 1264 2322 ficret
1285 2287 1448 2329 mentio;
1479 2287 1570 2330 (hoc
1592 2286 1675 2330 qui-

307 2340 393 2376 dem
421 2355 553 2377 verum
584 2352 658 2388 θείς
701 2349 783 2382 dari
809 2344 930 2391 enim,
968 2351 1064 2394 quod
1089 2350 1304 2390 habebant,
1331 2359 1422 2393 opus
1450 2358 1523 2381 non
1551 2348 1673 2390 erat);

307 2400 382 2436 vid.
415 2403 545 2439 Garat.
573 2408 619 2440 ad
647 2408 722 2443 Cic.
749 2422 818 2454 pro
844 2411 946 2444 Cael.
979 2411 1061 2444 loco
1091 2411 1205 2455 paulo
1234 2413 1321 2443 ante
1350 2408 1478 2443 citato.

241 2460 282 2504 ⁸)
308 2472 341 2495 V·
370 2472 402 2496 0·
423 2463 525 2497 Roth
552 2467 597 2501 de
622 2478 662 2501 re
688 2481 789 2504 mun.
817 2484 851 2517 p.
872 2471 895 2505 5
915 2475 989 2505 not.
1015 2470 1260 2514 nopsensack
1288 2483 1322 2518 p.
1348 2469 1394 2503 13
1420 2472 1495 2502 not.
1553 2470 1676 2505 Utun-

305 2525 369 2556 tur
404 2524 442 2557 in
481 2535 525 2558 ea
560 2539 601 2562 re
628 2531 802 2564 nonnulli
831 2531 928 2565 Livii
955 2530 1046 2565 locis
1082 2531 1157 2571 111,
1195 2530 1238 2572 13
1271 2531 1314 2571 V,
1349 2529 1416 2571 21,
1453 2528 1519 2562 ubi
1552 2540 1597 2562 ne
1637 2530 1676 2563 id

306 2582 397 2616 dicit
418 2583 578 2628 quidem.
638 2589 772 2632 [Iidem
789 2591 991 2633 interdum,
1011 2595 1053 2625 ut
1067 2593 1228 2632 Walter,
1260 2590 1318 2625 sui
1339 2589 1460 2630 obliti,
1489 2600 1530 2622 cx
1554 2588 1673 2622 firmis

304 2644 492 2678 veteranis
518 2648 683 2683 colonias
710 2652 929 2686 constitutas
952 2652 1136 2696 narrant]

238 2703 277 2746 ⁸)
304 2703 430 2748 Quum
468 2706 630 2743 Velitras
668 2712 882 2756 pestilentia
917 2716 1077 2748 vastatas
1113 2710 1238 2745 coloni
1277 2708 1405 2754 scripti
1442 2718 1475 2742 a.
1522 2708 1591 2743 *192
1617 2709 1672 2743 ire

307 2764 476 2806 Πθῃθῦῐ,
517 2766 708 2806 decretum
745 2778 820 2815 cst,
863 2776 905 2808 ut
939 2777 1038 2807 sorte
1082 2784 1125 2807 cx
1162 2771 1334 2805 universo
1372 2771 1510 2813 populo
1549 2771 1673 2805 coloni

304 2823 554 2869 ducerentur,
580 2831 687 2875 gravi
704 2833 833 2869 addita
855 2843 997 2878 poena,
1023 2833 1052 2867 si
1070 2833 1150 2878 quis
1172 2843 1244 2867 non
1269 2831 1366 2868 isset.
1407 2829 1514 2865 Dion.
1543 2831 1669 2865 llulic.

306 2885 398 2927 vu,
424 2887 479 2923 13.
538 2889 733 2928 Plutarch.
764 2893 951 2929 coriolan.
982 2894 1037 2928 13.
