1981 3390
1444 191 1510 239 45

126 312 274 354 iudicii
303 312 536 368 descriptio
568 308 681 362 vll,
724 309 828 352 115:
888 306 1130 350 Ome-tedere
1160 307 1304 349 duces.
1338 305 1496 364 Surgis
1527 317 1574 352 m

119 390 315 444 pallidus
344 390 486 431 Aiax.
556 388 749 430 Eandem
779 395 898 444 patet
927 384 1170 427 Brutidium
1202 384 1389 442 Nigrum
1428 387 1573 428 decla-

124 481 289 517 masse,
322 476 437 508 certe
470 481 547 522 pro
584 467 720 508 Aiace
751 467 934 507 dixisse.
998 464 1041 505 Is
1082 466 1241 520 igitur,
1284 465 1357 519 qui
1389 479 1414 505 a
1446 465 1574 505 Iuve-

124 544 222 586 nale
250 544 437 600 loquens
473 545 704 597 inducitur,
738 559 868 600 quum
897 542 1141 584 Brutiditnn
1171 541 1255 583 sibi
1287 542 1496 597 pallidum
1531 553 1573 584 ct

123 624 307 664 anxium
353 625 459 674 (uon
503 638 632 678 quum
681 624 734 665 ad
783 631 967 663 mortem
1017 622 1270 672 duceretur,
1317 622 1393 664 scd
1442 636 1574 677 quum

122 703 290 742 ruinam
321 700 375 742 ad
407 714 453 741 se
479 712 784 757 perventuram
806 700 1079 757 praevideret)
1109 700 1347 740 occurrisse
1372 699 1574 750 dixisset,

122 778 304 820 ridicule
333 779 565 820 admodum
607 779 660 821 de
696 779 872 821 homine
904 778 1110 829 inimico,
1159 791 1284 832 quem
1318 785 1446 818 antea
1477 792 1573 819 cum

122 857 322 898 irrisione
364 855 607 897 Brutidium
644 870 770 897 sunm
811 854 1135 910 appellaverat,
1181 856 1305 909 quasi
1345 856 1574 906 miserans,

121 949 248 988 quam
282 935 429 983 timeo,
457 934 612 988 inquit,
642 947 697 974 ne
715 932 836 974 Aiax
865 945 1030 988 poenas
1057 933 1231 988 exigat3
1264 939 1446 972 mortem
1464 933 1573 973 Bru-

118 1010 225 1050 tidio
267 1009 516 1065 impendere
547 1009 791 1066 significat,
828 1000 1024 1065 poenam‘
1058 1010 1228 1066 frigidae
1259 1008 1571 1052 declamatiun-

117 1085 224 1129 culae
254 1088 494 1129 immissam
527 1086 582 1129 ab
614 1088 751 1130 Aiace
782 1089 930 1144 inepte
957 1089 1153 1130 defenso.

247 1164 318 1208 Ab
351 1167 423 1217 iis,
461 1180 554 1221 quae
579 1175 711 1222 poeta
740 1175 852 1208 tecte
886 1175 960 1208 aut
993 1165 1262 1223 significavit
1295 1174 1368 1207 aut
1400 1164 1571 1222 signifi-

118 1256 239 1284 casse
271 1244 460 1285 creditus
490 1253 580 1296 est,
621 1246 675 1286 ad
716 1245 824 1286 duos
857 1244 979 1286 locos
1019 1245 1356 1300 disputationem
1388 1245 1572 1285 transfe-

116 1335 236 1373 ram,
279 1322 325 1362 in
359 1320 515 1377 quibus
548 1331 939 1364 commemorantur
978 1330 1125 1378 aperte
1156 1336 1226 1363 res
1256 1321 1335 1362 illo
1375 1329 1570 1376 tempore

117 1397 254 1453 vulgo
287 1407 426 1450 notae,
469 1402 544 1441 sed
575 1403 663 1453 ita,
707 1409 755 1441 nt
782 1401 1013 1442 obscurum
1046 1414 1142 1440 esse
1174 1407 1349 1455 propter
1379 1398 1571 1440 historiae

114 1477 435 1533 ignorationem
467 1477 680 1530 videatur,
714 1478 864 1535 quales
896 1479 1072 1519 fuerint.
1135 1477 1185 1517 In
1217 1491 1398 1532 quorum
1429 1476 1568 1518 altero

114 1553 471 1610 reprehendenda
503 1564 569 1596 est
599 1557 645 1597 in
677 1556 1012 1612 interpretibus,
1055 1569 1141 1596 non
1174 1563 1221 1594 ut
1257 1563 1400 1604 antea,
1429 1555 1571 1608 suspi-

115 1633 252 1673 cionis
285 1632 491 1684 audacia,
534 1634 638 1685 sed,
672 1635 786 1691 quod
816 1643 1029 1690 praeterea
1058 1635 1213 1675 vitium
1244 1633 1369 1673 initio
1404 1633 1569 1682 notavi,

95 1711 246 1760 ‚nimis
287 1712 424 1752 anxia
467 1709 696 1764 dubitatio,
727 1727 814 1754 non
855 1711 1040 1754 firmiter
1070 1726 1122 1752 ea
1158 1712 1372 1767 vestigia,
1406 1725 1499 1766 quae
1543 1725 1569 1751 a

113 1796 243 1843 poeta
269 1790 412 1844 posita
444 1798 570 1841 sunt,
616 1793 870 1832 tenentium.
941 1790 991 1832 In
1025 1791 1162 1831 tertiae
1199 1791 1314 1830 enim
1349 1790 1492 1830 satirae
1528 1804 1568 1829 v.

117 1866 200 1907 117
233 1874 275 1907 et
308 1869 390 1907 118
419 1876 572 1923 poeta,
618 1879 848 1926 postquam
881 1869 1114 1925 Egnatium
1147 1853 1348 1908 Celer'em
1382 1865 1568 1908 Baream

119 1943 334 1984 Soranum
365 1945 550 1986 amicum
581 1946 801 1988 delatione
828 1961 907 1987 sua
937 1947 1148 1986 evertisse
1182 1945 1320 1994 dixit,
1354 1958 1438 1998 quo
1470 1943 1566 1984 loco

118 2019 330 2076 Egnatius
353 2023 539 2062 nutritus
556 2032 687 2077 esset,
708 2038 786 2078 per
811 2023 889 2064 has
901 2023 1107 2077 ambages
1123 2020 1455 2063 circumlocutus
1481 2029 1568 2063 cst:

471 2145 567 2198 ripa
601 2146 788 2186 nutritus
819 2147 864 2186 in
892 2144 987 2196 illa,

223 2217 293 2260 Ad
318 2233 445 2274 quam
474 2219 698 2277 Gorgonei
728 2222 908 2278 delapsa
941 2231 1007 2264 est
1038 2224 1172 2279 pinna
1202 2219 1386 2271 caballi;

116 2332 271 2389 quibus
302 2334 448 2376 verbis
479 2351 572 2392 quae
603 2339 727 2394 regio
760 2337 1046 2394 significetur,
1079 2339 1188 2380 adeo
1215 2337 1490 2389 dissentiunt,
1518 2346 1566 2378 ut

117 2411 194 2452 alii
224 2411 429 2465 Tarsum,
462 2414 539 2456 alii
571 2415 761 2468 Cretam,
794 2416 870 2458 alii
906 2415 1100 2468 Thebas,
1132 2416 1209 2458 alii
1239 2416 1564 2472 Hippocrenen,

115 2489 191 2531 alii
225 2489 481 2534 Corinthum
520 2493 794 2551 intelligant,
838 2495 1072 2551 Rupertius
1111 2496 1242 2536 etiam
1279 2493 1468 2550 plurium
1499 2493 1566 2534 lo-

114 2582 260 2610 corum
294 2571 511 2626 optionem
545 2572 631 2613 det.
698 2573 749 2615 In
783 2589 868 2629 quo
901 2573 1141 2614 mirandum
1174 2581 1255 2624 est,
1285 2580 1358 2613 aut
1389 2580 1563 2627 poetam

115 2653 201 2688 tam
234 2647 438 2705 ambigue
465 2657 508 2691 et
540 2652 697 2693 vitiose
726 2651 918 2693 locutum
952 2666 1073 2703 esse,
1106 2660 1207 2702 aut,
1237 2651 1275 2692 si
1306 2652 1343 2691 is
1375 2649 1561 2704 delaps‘ae

117 2722 271 2779 Pegasi
300 2727 441 2782 pinnae
475 2730 695 2771 mentione
725 2731 832 2771 satis
862 2729 1005 2773 locum
1038 2729 1301 2780 declaravit,
1344 2728 1451 2768 adeo
1486 2725 1562 2766 ob·

116 2811 327 2847 scutatam
376 2820 473 2848 esse
514 2821 626 2850 nunc
669 2807 789 2851 illam
831 2808 1048 2860 fabulam,
1100 2816 1147 2849 ut
1188 2815 1307 2849 tanta
1348 2804 1560 2847 dubitatio
