1981 3390
1448 290 1542 341 331

175 424 362 458 verteret
393 415 497 466 (vid.
530 413 644 468 App.
677 411 729 452 ad
762 411 864 456 Div.
898 413 952 462 1,
986 413 1032 459 1;
1061 412 1114 463 2,
1143 412 1193 458 4;
1232 412 1308 461 13,
1342 414 1417 460 41;
1458 412 1556 454 Act.
1584 412 1619 463 Ι,

174 496 251 544 10,
280 495 356 540 32;
387 492 485 532 Lib.
518 490 562 540 1,
590 492 639 538 6,
672 490 749 536 15;
794 488 838 538 Ι,
879 490 958 538 38,
996 490 1077 536 98;
1121 497 1268 530 contra
1305 490 1484 540 menda,
1526 504 1619 545 quae

176 561 266 610 non‘
289 577 482 624 putarat,
523 568 566 606 in
598 567 743 621 priore
779 579 949 620 quoque
980 579 1076 606 esse
1107 567 1388 622 deprehendit
1418 566 1521 607 Div.
1553 569 1622 617 13,

173 648 253 694 42,
278 644 375 684 Lib.
402 643 436 694 Ι,
466 644 536 693 25,
564 645 653 691 65).
712 642 797 683 Sed
826 644 920 696 ipsa
953 656 1022 683 res
1055 643 1387 685 demonstranda
1413 653 1478 685 est
1507 659 1623 685 com·

174 723 396 777 paratione
430 721 568 771 sacta,
614 722 659 760 in
694 734 778 775 qua
808 719 1013 760 Vaticani
1041 721 1201 761 codicis
1234 721 1364 762 nullae
1399 731 1498 762 sunt
1524 737 1622 778 par-

175 807 264 847 tes,
304 807 350 838 ut
395 800 516 838 cuius
557 798 801 853 fragmenta
842 796 895 837 ab
930 811 981 838 eo
1018 799 1109 850 ipso
1143 797 1238 838 loco
1276 800 1509 854 incipiant,
1548 799 1624 841 ubi

174 874 319 916 deficit
365 873 734 928 Guelferbytanus
777 875 909 928 prior.
985 873 1107 915 Nihil
1159 875 1298 916 dicam
1348 876 1401 916 de
1448 879 1624 918 minutis

177 951 432 1007 quibusdam
467 953 562 991 eins
595 951 786 1000 mendis,
827 964 921 1004 quae
951 965 975 990 e
1011 952 1255 1006 corrigendi
1294 961 1336 991 et
1373 953 1625 1007 explicandi

174 1029 316 1069 studio
348 1037 440 1068 orta
468 1028 692 1076 videntur,
739 1025 866 1081 quale
898 1035 983 1076 est,
1018 1027 1129 1082 quod
1159 1028 1258 1069 Act.
1289 1027 1334 1080 I,
1375 1031 1426 1079 5,
1462 1032 1515 1070 13
1545 1045 1623 1085 pro

173 1106 343 1145 imIicla
374 1117 508 1144 causa
547 1101 679 1144 habet
711 1103 914 1144 itmudita
960 1117 1118 1155 cansa,
1159 1113 1201 1145 et
1241 1105 1340 1147 Lib.
1373 1105 1418 1157 I,
1456 1109 1536 1158 36,
1567 1110 1622 1148 91

176 1182 415 1235 asyndeton
464 1182 507 1221 in
549 1181 810 1221 narrationis
854 1180 1076 1222 celeritate
1125 1183 1396 1237 aptissimum
1437 1185 1628 1239 (reliqua

177 1259 397 1308 vendidit,
428 1262 656 1312 pecuniam
684 1261 855 1311 exegit)
888 1257 1030 1308 tollit,
1074 1264 1119 1298 et
1148 1260 1419 1315 interposito.
1480 1260 1627 1316 Magis

179 1345 295 1392 patet
330 1349 398 1376 res
433 1337 475 1375 in
509 1334 701 1377 Divinat.
733 1335 816 1384 21,
855 1336 935 1384 7⁰,
975 1334 1050 1375 ubi
1091 1350 1167 1391 pro
1208 1344 1383 1391 aegroloe
1415 1352 1468 1378 ac
1492 1352 1629 1392 prope

180 1413 420 1466 desperatae
450 1412 732 1466 reipublicae,
759 1411 871 1466 quod
905 1427 930 1452 a
961 1411 1105 1452 Guelf.
1124 1415 1148 1453 1
1182 1413 1474 1464 confirmatur,
1507 1415 1628 1456 codd.

181 1489 306 1530 Leid.
346 1498 388 1529 et
423 1488 568 1529 Guelf.
605 1490 632 1528 2
675 1493 902 1542 oegrolantc‘
939 1488 1098 1529 habent
1134 1490 1265 1539 (alter
1297 1493 1467 1546 quidem
1507 1507 1628 1533 inen-

181 1567 285 1606 dose
318 1569 593 1618 (egrotante),
647 1579 829 1620 quorum
871 1565 1179 1607 vocabulorum
1221 1577 1363 1608 utrum
1406 1568 1632 1623 vulgarius

181 1653 222 1684 et
253 1643 506 1684 correctioni
540 1651 715 1697 propter
744 1656 929 1696 sequens
963 1643 1202 1697 desperalae
1230 1643 1416 1684 similius
1449 1647 1520 1696 sit,
1550 1647 1632 1687 vix

180 1721 368 1762 dubitari
402 1728 556 1770 potest.
621 1719 707 1760 Sed
736 1727 836 1759 sunt
855 1719 930 1760 alii
958 1719 1044 1760 loci
1073 1722 1328 1775 apertiores.
1385 1720 1495 1762 Nam
1517 1723 1631 1778 quod

182 1798 283 1839 Act.
317 1796 362 1846 Ι,
393 1798 443 1846 2,
483 1797 511 1836 5
543 1796 770 1850 Zumptius
803 1811 863 1836 ex
897 1796 977 1837 illo
1019 1798 1165 1838 codice
1197 1797 1353 1838 edidit:
1415 1796 1541 1846 Quod
1581 1804 1633 1850 sl,

184 1888 306 1929 quam
329 1873 482 1913 undum
504 1878 570 1913 est
597 1873 656 1912 ad
682 1872 935 1922 conandum,
962 1879 1048 1913 tam
1066 1871 1185 1914 'esset
1200 1881 1366 1916 astutus
1384 1879 1428 1915 ιἰι
1447 1876 1632 1930 agendo,

186 1964 314 2006 quum
350 1952 391 1990 in
423 1949 602 2005 reliquis
633 1959 676 1990 et
714 1948 839 1990 bonis
869 1959 912 1990 et
943 1951 1230 1991 deterioribus
1259 1961 1396 1992 esset:
1430 1951 1633 1993 obscurus·

186 2031 232 2067 in
276 2027 470 2080 agendo,
524 2028 560 2066 si
608 2027 885 2077 auctoritate,
941 2027 993 2067 de
1042 2042 1126 2082 qua
1174 2030 1400 2082 quaeritur,
1445 2031 1637 2084 seposita

187 2106 323 2159 ipsam
355 2117 444 2143 rem
477 2103 832 2157 contemplamur,
869 2118 952 2144 non
983 2111 1127 2159 potest
1160 2103 1337 2146 dubium
1372 2120 1482 2154 esse,
1518 2108 1636 2161 quin,

188 2183 224 2222 si
255 2187 422 2221 astutus
455 2179 621 2221 librarii
653 2182 938 2235 reperissent,
975 2181 1325 2236 vulgatissimum
1361 2183 1636 2234 vocabulum,

189 2273 273 2298 non
316 2260 518 2298 mutaturi
553 2258 714 2298 fuerint
751 2259 794 2297 in
828 2258 898 2307 id,
940 2259 1050 2312 quod
1093 2259 1144 2298 de.
1185 2259 1359 2299 homine
1397 2269 1510 2300 tecto
1539 2275 1637 2301 raro

189 2349 268 2376 nec
311 2344 452 2375 tamen
494 2348 578 2374 non
620 2343 736 2374 recte
767 2335 922 2375 dicitur
954 2335 1022 2386 (de
1055 2334 1180 2376 Offic.
1215 2335 1303 2386 ΙΙΙ,
1349 2339 1425 2387 13,
1466 2337 1534 2386 57,
1577 2352 1635 2378 ex

189 2427 272 2468 quo
306 2411 402 2453 loco
441 2411 569 2452 facile
612 2419 731 2466 patet
767 2412 819 2452 de
862 2411 1042 2452 occultis
1081 2412 1258 2453 malitiae
1302 2413 1467 2454 artibus
1507 2415 1635 2466 dici);

191 2499 339 2530 contra
375 2489 501 2530 alteri
528 2488 609 2528 hoc
637 2488 764 2529 facile
799 2488 956 2544 aliquis
990 2488 1253 2531 substituere
1284 2493 1439 2546 potuit.
1499 2491 1640 2542 Quem

193 2576 337 2607 autem
382 2580 512 2606 unum
545 2565 686 2606 locum
726 2565 955 2621 Zninptins
988 2567 1057 2608 hic
1095 2569 1331 2622 singularis
1364 2568 1490 2608 huius
1522 2570 1638 2609 codi-

194 2645 255 2683 cis
304 2644 564 2696 integritatis
611 2652 764 2684 testem
812 2644 907 2694 dat,
967 2659 1060 2699 quae
1111 2644 1245 2686 multo
1298 2655 1389 2686 erat
1438 2645 1636 2700 pluribus

193 2721 365 2760 indiciis
403 2719 590 2760 indubiis
621 2721 978 2772 demonstranda,
1023 2721 1172 2762 Dis-in.
1211 2737 1245 2763 c.
1285 2725 1352 2772 17,
1392 2724 1471 2773 56,
1513 2724 1555 2763 in
1588 2738 1639 2764 eo

197 2805 239 2836 et
279 2797 419 2837 codex
460 2796 710 2848 Leidensis,
751 2812 888 2853 nuper
933 2814 958 2840 a
985 2798 1125 2840 Bakio
1157 2799 1410 2853 diligentins
1455 2799 1640 2841 collatus

196 2875 309 2924 (post
338 2873 376 2913 J.
414 2871 467 2913 G.
501 2872 678 2915 Sluiteri
722 2870 1126 2929 Specimen'Acad.
1170 2877 1213 2916 in
1255 2874 1316 2916 M.
1361 2874 1500 2917 Tullii
1546 2876 1636 2918 Cic.
