1981 3390
444 239 543 289 346

374 358 621 408 divellitur3
672 357 926 417 languidum
972 365 1037 398 est
1075 359 1190 399 enim
1235 358 1443 414 generale
1486 357 1594 399 illud
1642 363 1816 400 miseria

367 438 623 492 proedc‘lum,
655 450 788 490 grave
817 436 921 484 illa,
952 435 996 474 id
1029 444 1118 486 est,
1147 444 1289 486 tanta,
1338 444 1496 491 quanta
1525 436 1817 478 demonstrata

375 523 468 564 est,
519 516 708 553 miserta.
797 510 1096 564 Relinquitur,
1141 520 1189 551 ut
1233 514 1492 563 indicemus,
1541 527 1669 568 quum
1712 511 1818 553 olim

375 592 578 646 scriptum
601 595 736 628 esset:
769 586 880 626 Eum
909 599 1033 638 quum
1063 587 1144 627 illa
1177 591 1351 630 miseria
1380 589 1550 629 videres·
1573 589 1817 644 preedilrme,

376 669 591 709 offensum
633 663 821 718 aliquem
860 661 1095 703 insolentia
1136 663 1393 713 locutionis,
1443 679 1536 719 quae
1578 667 1723 707 nescio
1764 679 1819 705 an

375 743 488 796 apud
518 741 732 780 neminem
767 736 976 778 Cicerone
1003 741 1287 792 posteriorem
1319 730 1687 794 deprehendatur,
1720 755 1820 782 con-

374 821 582 859 iecturam
600 816 756 856 fecisse
780 814 832 855 de
852 816 1055 856 contrarii
1078 817 1251 870 generis
1271 815 1483 857 vocabulo
1501 816 1821 864 substituend03

378 911 430 937 eo
461 909 520 935 ex
553 893 829 934 adnotatione
855 893 967 931 inter
995 891 1129 932 verba
1153 901 1324 946 recepto
1342 894 1386 932 in
1404 892 1656 933 melioribus
1684 893 1820 943 codd.‚

375 975 555 1031 quorum
587 969 757 1010 bonitas
793 967 865 1008 vel
903 967 1002 1009 hinc
1032 967 1202 1009 elucere
1234 970 1426 1020 videtur,
1458 970 1688 1010 manifesta
1721 969 1818 1011 διτ-

371 1046 618 1106 τογραφίας
662 1045 848 1098 vestigia
899 1045 1132 1094 mansisse,
1184 1046 1228 1084 in
1283 1046 1570 1086 deterioribus
1619 1045 1818 1100 suppleta

373 1122 588 1179 particula
628 1122 869 1162 iuncturam
915 1119 1103 1175 aliquam
1143 1121 1343 1162 effectam
1376 1135 1472 1162 esse
1503 1130 1546 1163 et
1587 1123 1816 1164 veritatem

373 1200 646 1243 occultatam.

493 1276 579 1317 Sed
608 1274 739 1314 redeo
772 1274 824 1313 ad
863 1273 999 1313 libros
1032 1274 1229 1327 priores,
1273 1274 1318 1313 in
1361 1272 1516 1328 quibus
1543 1276 1684 1328 ‘quum
1726 1275 1819 1328 ipse

373 1353 566 1395 melioris
593 1351 786 1391 codicum
817 1349 993 1389 familiae
1016 1350 1113 1389 fons
1145 1349 1277 1404 paulo
1307 1351 1448 1390 minus
1477 1352 1662 1404 integer,
1693 1364 1820 1405 quam

371 1432 416 1471 in
465 1428 675 1469 extremis
716 1425 864 1476 libris,
917 1427 1052 1465 fuisse
1095 1427 1293 1477 videtur,
1347 1435 1436 1467 tum
1478 1429 1571 1467 eius
1610 1428 1822 1482 scriptura

374 1508 515 1546 minus
547 1504 655 1544 bene
687 1511 942 1543 conservata
975 1517 1084 1542 esse.
1143 1503 1294 1543 Restat
1325 1505 1438 1543 enim
1469 1512 1624 1558 praeter
1653 1505 1820 1543 minora

373 1583 565 1637 quaedam
605 1579 896 1620 emendandus
940 1580 1210 1628 coniectura,
1251 1580 1351 1628 sed,
1393 1587 1440 1620 ut
1481 1581 1658 1634 opinor,
1701 1587 1818 1620 certa

374 1668 416 1699 et
445 1657 637 1698 codicum
685 1656 1053 1713 vestigiis‘nixffi
1096 1654 1217 1695 locus
1259 1654 1544 1709 interpolatus
1588 1666 1631 1697 et
1673 1669 1818 1696 corru-

371 1744 470 1790 ptus
500 1735 545 1773 in
574 1732 673 1772 libr.
707 1731 726 1771 Ι
768 1746 803 1772 c.
833 1733 885 1780 8,
927 1732 1006 1780 21,
1051 1730 1125 1770 ubi
1157 1730 1309 1771 Cicero
1340 1744 1440 1770 suas
1473 1733 1516 1771 in
1551 1732 1632 1771 hoc
1658 1731 1816 1771 iudicio

371 1819 517 1866 partes
548 1816 668 1864 'paene
703 1806 898 1861 expletas
945 1821 1040 1846 esse
1073 1808 1197 1848 dicit:
1255 1807 1405 1848 Eleum
1426 1808 1531 1856 ,fuit
1557 1822 1647 1848 cum
1685 1821 1817 1847 causa

372 1887 581 1927 accedere
626 1884 686 1924 ad
739 1883 1058 1923 accusandum:
1114 1895 1209 1938 qzcoe
1263 1898 1395 1924 causa
1433 1884 1539 1932 fnit
1586 1883 1818 1933 honestior,

370 1977 495 2017 quam
539 1976 565 2002 α
603 1967 690 2002 lam
731 1961 899 2000 illustri
935 1963 1165 2013 proc-lucia
1215 1959 1483 2008 defensorem
1532 1963 1738 2000 const-imi
1777 1965 1822 2000 et

371 2040 540 2093 deligi?
588 2041 657 2078 rea·
679 2037 867 2092 publc'cae
900 2036 1152 2076 consulere:
1192 2037 1299 2091 qnid
1323 2040 1410 2077 iam
1442 2035 1714 2090 reipublicae
1740 2035 1814 2076 loo·

371 2117 558 2165 neslt'zes,
599 2128 724 2169 quam
757 2118 804 2154 in
844 2119 969 2154 taum
1000 2113 1170 2154 invidia
1198 2114 1456 2154 iudiciorum
1489 2112 1706 2153 adducere
1743 2111 1818 2152 Ιιο.

370 2197 538 2241 minem,
575 2196 694 2232 cums
721 2191 997 2230 dmmmlc'one
1029 2195 1142 2229 totus
1176 2190 1279 2230 ordo
1313 2204 1404 2230 cum
1428 2190 1585 2244 populo
1620 2189 1814 2229 Romano

372 2274 415 2308 el
447 2272 492 2307 in
532 2268 662 2307 laude
705 2273 750 2307 et
779 2270 826 2308 in
856 2270 1009 2319 gratia
1032 2272 1183 2318 posset
1217 2267 1336 2306 esse?
1391 2266 1613 2306 ostendere
1640 2279 1695 2305 ac
1718 2278 1817 2319 per·

370 2343 578 2392 suadere,
619 2341 826 2382 hominem
858 2348 1076 2381 nocentem
1109 2342 1340 2381 adductum
1374 2354 1492 2380 ess-e:
1535 2345 1630 2395 qne’s
1668 2346 1732 2380 est
1770 2344 1816 2381 ἰἰι

366 2420 525 2473 populo
560 2418 776 2466 Romano,
821 2420 899 2472 qm·
928 2415 1006 2457 leoc
1047 2429 1130 2457 uon
1165 2429 1222 2456 ea·
1246 2421 1398 2468 priore
1430 2420 1602 2456 actione
1631 2415 1816 2456 abstule-

370 2500 455 2545 re‘l‘,
491 2503 571 2535 etc.
628 2494 776 2542 Patet,
811 2501 854 2532 et
883 2494 1017 2532 sensit
1049 2492 1300 2546 Zumptius,
1333 2494 1376 2531 in
1408 2493 1594 2532 secundo
1623 2491 1814 2532 membro

372 2573 428 2621 ei,
461 2571 575 2625 quod
610 2569 880 2611 efficiendum
920 2570 1054 2609 fuisse
1085 2570 1338 2622 proponitur
1369 2569 1613 2618 (consulere
1644 2572 1812 2622 reip),

373 2649 434 2688 ita
464 2647 576 2688 male
603 2646 878 2701 respondere,
912 2645 1022 2700 quod
1054 2646 1255 2686 effectum
1286 2645 1456 2694 dicitur,
1486 2654 1532 2685 ut
1562 2644 1614 2685 ab
1645 2654 1814 2686 oratore

373 2727 433 2765 ita
466 2726 671 2778 scriptum
702 2737 787 2763 non
818 2736 940 2773 esse,
980 2729 1141 2762 certum
1171 2722 1250 2769 sit;
1300 2735 1397 2761 nam
1424 2720 1591 2762 tollitur
1615 2722 1812 2762 instituta

374 2799 606 2841 artificiose
648 2801 855 2842 orationis
901 2798 1065 2853 figura3
1117 2812 1254 2854 neque
1294 2799 1407 2839 enim
1446 2796 1690 2847 honestum,
1735 2797 1809 2837 sed
