1981 3390
396 233 497 283 266

326 355 497 396 Latinis
528 353 737 405 coloniis,
777 362 824 395 ut
856 353 1036 410 reliquis
1067 356 1225 406 sociis,
1257 352 1549 408 imperabatur
1580 353 1767 396 militum

327 446 559 482 numerus,
598 446 724 487 quem
754 433 858 487 ipsae
888 431 1150 473 conficerent
1172 431 1225 484 ¹).

451 505 580 549 Illam
621 516 765 548 autem
814 507 979 548 militiae
1030 510 1326 558 vacationem,
1374 521 1500 563 quaxn
1545 514 1644 547 ante
1687 506 1768 547 hoc

326 595 495 641 tempus
525 584 659 639 vulgo
699 584 778 624 hos
812 583 987 623 colonos
1031 583 1234 625 habuisse
1269 587 1374 625 satis
1415 592 1557 639 patet,
1600 582 1770 638 signifi-

328 665 425 705 cavi
453 665 538 702 iam
573 675 725 714 supra,
767 660 871 700 mihi
904 674 989 700 non
1023 661 1074 701 ad
1105 663 1342 702 maritimas
1376 660 1568 702 colonias
1594 660 1766 715 proprie

326 739 586 795 pertinuisse
607 736 759 776 videri.
810 734 963 790 Neque
985 738 1099 777 enim
1133 737 1224 778 ulla
1255 737 1342 779 alia
1371 738 1464 777 eius
1497 737 1605 778 datae
1639 750 1770 777 causa

328 815 572 870 excogitari
599 820 756 869 potest,
787 827 914 867 quam
942 826 1035 868 quae
1065 812 1129 854 ibi
1161 828 1187 854 a
1217 827 1284 854 me
1318 820 1651 853 commemorata
1681 821 1770 860 est;

326 907 478 933 verum
522 906 574 932 ea
614 890 790 932 valebat
821 890 961 931 nihilo
997 891 1137 931 minus
1168 892 1214 931 in
1247 891 1402 931 ceteris
1434 888 1643 940 coloniis,
1675 903 1769 944 quae

327 969 627 1023 antiquissimo
670 976 862 1023 tempore
894 968 1084 1023 praesidii
1111 982 1241 1009 causa
1271 965 1606 1007 deducebantur.
1682 965 1770 1006 Sed

326 1060 462 1101 usque
487 1045 538 1086 ad
563 1044 671 1086 illud
697 1053 864 1099 tempus
885 1047 930 1085 in
951 1045 1056 1085 solis
1080 1045 1306 1086 maritimis
1329 1043 1518 1098 praesidii
1541 1043 1662 1083 notio
1675 1056 1771 1096 per-

327 1129 569 1172 manserat,
622 1123 668 1161 in
712 1123 866 1162 ceteris
909 1123 1096 1176 antiquis
1136 1121 1294 1162 dudum
1329 1119 1527 1170 sublata,
1570 1117 1770 1159 omnibus

326 1200 486 1240 circum
519 1199 684 1253 pacatis
726 1198 1051 1253 incolarumque
1083 1199 1329 1238 discrimine
1365 1199 1597 1237 exstincto.
1677 1194 1770 1237 Neo

326 1275 643 1324 contenderim,
674 1275 718 1314 in
750 1276 804 1314 iis
839 1274 1045 1325 coloniis,
1075 1276 1119 1314 in
1153 1288 1284 1329 quas,
1316 1273 1609 1314 Romanorum
1635 1274 1771 1327 impe-

325 1352 390 1391 rio
421 1351 506 1391 iarn
538 1352 678 1404 inagis
713 1350 980 1400 confirmato,
1016 1352 1222 1392 maiorem
1247 1351 1407 1391 civium
1439 1363 1665 1390 numerum
1697 1348 1771 1389 de·

327 1427 499 1468 ductum
533 1430 882 1479 commemoravi,
912 1428 1109 1478 Lavicis,
1145 1428 1336 1478 Satrico,
1369 1426 1568 1477 Vitellia,
1601 1425 1655 1467 ab
1687 1426 1770 1465 ini-

326 1505 386 1543 tio
414 1504 603 1558 praesidii
636 1506 855 1545 notionem
886 1505 1035 1546 eodem
1067 1519 1243 1559 prorsus
1261 1504 1386 1545 modo
1405 1504 1611 1553 valuisse,
1641 1511 1768 1557 atque

324 1582 370 1621 in
400 1579 607 1635 reliquis;
650 1596 733 1635 quo
765 1583 859 1636 ipso
893 1581 1049 1632 fiebat,
1091 1590 1137 1622 ut
1166 1596 1287 1636 paene
1319 1583 1363 1621 in
1397 1580 1664 1622 oblivionem
1694 1594 1768 1620 ve-

326 1657 458 1706 niret,
492 1655 682 1697 colonias
708 1671 781 1697 eas
816 1672 926 1714 esse.
996 1657 1089 1698 Nec
1121 1666 1316 1708 constat,
1353 1672 1404 1698 ea
1442 1658 1637 1707 vacatio,
1675 1669 1768 1710 qnae

325 1741 499 1789 propter
542 1733 647 1773 belli
689 1734 841 1774 Punici
884 1737 1185 1775 necessitatem
1227 1737 1270 1775 in
1303 1734 1409 1775 solis
1440 1731 1692 1775 Antiatibus
1725 1740 1769 1772 et

327 1809 602 1851 Ostiensib'us
639 1810 868 1852 observata
908 1820 999 1862 est,
1042 1813 1244 1866 quamdiu
1285 1811 1352 1853 his
1392 1819 1564 1852 servata
1604 1811 1660 1850 sit
1694 1816 1768 1851 aut

325 1887 599 1942 numquando
633 1890 787 1928 ceteris
817 1888 1005 1938 reddita,
1033 1889 1145 1944 quod
1175 1891 1249 1931 vix
1283 1889 1534 1930 crediderim
1554 1888 1613 1936 2).

353 1979 391 2021 ¹)
418 1978 599 2018 Fuerunt,
630 1978 692 2022 qui
714 1990 784 2012 non
798 1979 870 2012 situ
887 1979 1074 2013 maritimo
1088 1980 1155 2013 has
1177 1980 1340 2013 colonias
1354 1991 1376 2014 a
1397 1978 1553 2013 cacteris
1574 1976 1766 2011 distinctas

414 2042 610 2082 putarent,
633 2040 696 2071 sed
723 2039 841 2073 nescio
869 2051 952 2082 qun,
976 2040 1079 2073 cuius
1105 2052 1150 2073 nc
1177 2041 1371 2075 minimum
1398 2040 1547 2084 quidem
1575 2042 1630 2072 est
1654 2037 1766 2071 vesti-

413 2098 529 2142 ghun,
557 2098 760 2143 religiunc3
789 2110 873 2133 nam
896 2099 1032 2144 religio
1058 2101 1260 2134 advocatur
1286 2112 1307 2134 a
1333 2100 1534 2142 nonnullis,
1560 2098 1626 2132 ubi
1644 2097 1768 2131 dicere

415 2157 555 2201 aliquid
584 2160 738 2203 cupiunt
773 2171 839 2192 nco
867 2160 1028 2201 hubent,
1068 2162 1164 2204 quod
1200 2161 1335 2195 dicant.
1394 2161 1448 2195 Ad
1479 2160 1591 2195 situm
1625 2158 1768 2193 accedit

414 2223 557 2250 certum
583 2218 814 2251 deductionis
845 2219 1042 2253 eonsilium
1081 2225 1116 2253 ct
1151 2226 1308 2264 tempus.
1367 2221 1414 2254 At
1450 2232 1521 2255 non
1559 2230 1685 2253 omnes
1719 2218 1765 2251 ad

415 2287 520 2309 mare
543 2278 620 2312 sita:
646 2279 841 2313 maritima>
867 2279 1038 2320 suerunt,
1077 2285 1117 2314 ut
1143 2281 1277 2315 Circeii
1304 2286 1340 2315 ct
1365 2280 1577 2315 Posidonia.
1626 2281 1766 2313 Verum

414 2347 462 2368 coe
489 2348 534 2369 ne
560 2337 694 2370 civium
725 2338 871 2381 quidem
900 2344 1016 2372 eraut.

347 2395 387 2438 2)
411 2395 533 2428 Multa
559 2398 765 2431 necessario
794 2397 829 2429 in
869 2401 943 2429 tarn
980 2398 1142 2442 antiquis
1175 2399 1285 2431 rebus
1311 2398 1346 2431 iu
1374 2397 1495 2431 medio
1521 2397 1766 2441 relinquenda

414 2461 521 2498 sunt,
547 2468 623 2500 qua:
649 2458 695 2490 ad
720 2457 887 2500 singulus
917 2457 1074 2490 alicuius
1099 2458 1259 2491 instituti
1285 2462 1408 2501 partes
1438 2457 1637 2502 pertinent,
1662 2459 1767 2492 velut

411 2517 483 2550 hoc
521 2517 627 2560 loco,
662 2529 740 2562 quae
769 2517 908 2550 colonis
940 2517 1141 2550 necessitas
1179 2518 1353 2562 imposita
1385 2518 1500 2551 suerit
1534 2518 1766 2552 domicilium

412 2578 449 2610 in
477 2578 624 2611 colonia
657 2577 831 2610 habendi.
892 2578 1097 2611 Stationem
1136 2590 1251 2624 prope
1290 2583 1508 2622 perpetuam
1543 2578 1669 2612 Livius
1695 2590 1762 2623 ap«

416 2639 556 2682 pellat,
583 2639 628 2671 de
654 2638 852 2672 Minturnis
879 2639 1030 2681 loquens
1056 2639 1120 2678 (Χ,
1146 2637 1222 2680 21).
1272 2639 1444 2671 Fortasse
1472 2638 1592 2671 sintilc
1620 2639 1762 2683 aliquid

416 2704 496 2731 crat
521 2698 611 2739 cius,
639 2699 734 2742 quod
763 2699 882 2732 Caesnr
907 2698 943 2730 in
974 2698 1129 2731 coloniis
1154 2699 1379 2733 militaribus
1405 2699 1576 2739 instituit,
1606 2711 1651 2732 uc
1681 2699 1762 2742 quis

417 2770 528 2802 agros
555 2759 590 2791 in
618 2759 763 2793 colonia
798 2758 1003 2801 assignatos
1038 2759 1136 2794 intra
1164 2759 1379 2794 vicesimum
1407 2770 1545 2794 annum
1573 2759 1759 2794 venderet.

414 2819 572 2864 Appian-
599 2820 697 2854 Bell.
721 2819 800 2853 Civ.
832 2819 896 2861 111,
920 2818 952 2852 2.
979 2819 1013 2851 7.

1965 2603 1967 2659 λ
