1981 3390
435 261 536 310 282

362 382 499 423 maior
524 395 623 435 pars
653 380 913 421 incommodi
942 379 1014 422 vel
1046 387 1182 421 totum
1210 378 1525 421 incommodum
1555 380 1696 421 socios
1711 383 1809 435 pre·

360 458 520 500 mebat.
598 457 714 498 Tum
754 472 858 499 vero
904 457 1035 498 aliam
1077 472 1165 498 rem
1212 472 1298 498 non
1334 457 1682 498 animadvertunt
1724 458 1810 498 viri

360 537 490 577 docti.
550 534 663 576 Nam
692 534 814 575 fundi
855 527 996 574 Italici
1029 535 1237 585 eandem,
1279 548 1372 589 quae
1412 542 1510 590 post
1544 533 1710 574 bellum
1740 547 1809 574 so-

360 612 470 655 ciale
519 613 627 661 fuit,
672 611 968 651 condicionem
1010 612 1096 651 iam
1132 619 1259 651 antea
1308 611 1444 651 fuisse
1482 619 1649 664 putant.
1722 611 1810 651 Sed

361 689 563 745 quamdiu
597 689 812 728 sociorum
843 701 921 727 sua
951 696 1073 727 erant
1101 689 1197 727 iura
1229 688 1399 741 privata
1432 690 1498 740 (ut
1522 687 1646 728 verbi
1680 701 1810 728 causa

360 767 413 807 de
444 766 621 814 fenore,
663 777 756 819 quae
789 765 834 803 in
864 763 1002 804 altero
1034 762 1112 803 illo
1140 762 1260 804 Livii
1286 763 1382 804 loco
1415 764 1809 805 commemoraban-

359 842 463 894 tur),
498 842 669 883 etiamsi
709 843 1012 882 commercium
1057 840 1181 882 verbi
1214 853 1344 881 causa
1373 841 1486 880 inter
1518 841 1738 882 Romanos
1766 850 1810 882 et

362 917 570 960 Tiburtes
605 926 742 969 esset,
783 926 952 968 tamen,
997 919 1035 959 si
1077 920 1173 973 quis
1213 918 1320 958 civis
1351 917 1572 958 Romanus
1603 919 1811 972 praedium

358 997 403 1036 in
435 994 611 1036 Tiburti
642 1009 748 1051 agro
781 995 1048 1050 possideret,
1093 996 1187 1036 eius
1227 1009 1313 1035 non
1355 1009 1414 1035 ex
1444 996 1539 1036 iure
1573 994 1811 1045 Quiritium

359 1073 558 1113 dominus
596 1080 735 1123 esset,
773 1072 848 1112 sed
893 1084 952 1112 ex
987 1076 1084 1112 iure
1129 1071 1381 1112 Tiburtium.
1452 1071 1558 1112 Haec
1594 1079 1660 1112 est
1695 1073 1811 1112 enim

358 1151 605 1190 commercii
627 1151 693 1190 vis
715 1151 973 1204 (reciproca)
993 1150 1108 1189 inter
1128 1148 1313 1203 populos
1336 1149 1581 1190 foederatos
1600 1151 1656 1200 1).
1721 1148 1809 1190 Sed

360 1236 408 1268 ut
443 1226 662 1282 plerisque
704 1225 875 1266 Latinis
917 1234 959 1265 et
990 1227 1121 1266 sociis
1161 1227 1350 1280 antiquis
1390 1226 1692 1266 commercium
1722 1239 1810 1265 non

356 1303 493 1343 fuisse
528 1310 705 1357 putem,
746 1310 863 1342 certe
898 1316 984 1342 non
1017 1301 1195 1357 plenum
1236 1303 1355 1356 (nam
1392 1303 1438 1343 in
1479 1315 1567 1342 una
1596 1309 1640 1342 et
1671 1301 1811 1342 altera

356 1393 404 1419 re
438 1380 741 1432 exceptionem
775 1378 966 1434 aliquam
1006 1379 1220 1435 singulari
1262 1379 1363 1433 lege
1405 1380 1682 1420 constitutam
1721 1378 1808 1419 for-

356 1464 472 1496 tasse
512 1457 648 1496 fuisse
690 1470 776 1496 non
809 1461 959 1510 nego‚)
1003 1465 1051 1496 ut
1091 1457 1162 1507 id,
1205 1458 1406 1511 inquam,
1448 1464 1622 1510 putem,
1662 1463 1810 1497 movet

359 1547 456 1583 me,
487 1534 560 1587 qui
593 1533 704 1574 alios
735 1535 884 1583 movit,
914 1533 1135 1574 Ciceronis
1164 1533 1286 1574 locus
1315 1535 1359 1575 in
1391 1535 1584 1575 oratione
1614 1547 1692 1588 pro
1717 1531 1810 1574 Cae-

356 1611 452 1650 cina
486 1624 521 1649 c.
553 1611 632 1658 33,
665 1611 747 1649 102
766 1611 827 1662 ²),
860 1609 936 1649 ubi
969 1625 1099 1664 quum
1132 1609 1365 1650 nonnullos
1397 1624 1472 1663 per
1503 1611 1808 1664 exceptionem

357 1687 661 1727 commercium
692 1685 910 1726 habuisse-
927 1686 1064 1737 dicat,
1098 1686 1232 1741 vulgo
1263 1701 1348 1727 non
1381 1686 1584 1728 habuisse
1615 1694 1808 1742 apparet.

357 1762 489 1819 (Nam
532 1763 585 1820 ad
616 1764 918 1804 commercium
946 1765 1134 1818 pertinet
1174 1772 1311 1804 totum
1344 1764 1630 1805 hereditatum
1669 1771 1713 1803 et
1744 1771 1808 1803 te·

356 1848 668 1882 stamentorum
705 1842 800 1890 ius,
839 1855 1021 1897 eamque
1060 1842 1152 1881 eius
1189 1849 1356 1896 partem
1389 1839 1451 1880 ibi
1493 1839 1647 1881 Cicero
1688 1854 1804 1882 com-

354 1919 626 1968 memoravit,
659 1917 771 1972 quod
797 1918 848 1958 de
873 1933 926 1959 ea
955 1917 1166 1974 agebatur
1197 1918 1242 1958 in
1271 1916 1452 1957 Caecinae
1485 1921 1650 1966 causa).
1713 1916 1802 1958 Ne-

354 2011 436 2051 que
468 1994 594 2037 Sulla
625 1994 926 2036 Ariminenses
962 1997 1007 2036 in
1045 1995 1145 2051 lege
1177 1996 1444 2035 nominasset
1477 2009 1617 2049 neque
1651 1992 1804 2034 Cicero

351 2076 413 2114 ita
439 2073 629 2113 dixisset
660 2072 790 2123 (XII
816 2074 1079 2116 coloniarum
1099 2072 1252 2123 fuisse
1284 2078 1327 2114 et
1351 2071 1614 2113 hereditates
1649 2083 1805 2124 capere

350 2153 577 2204 potuisse),
609 2150 646 2189 si
675 2163 759 2189 non
795 2151 1018 2205 singulare
1045 2151 1127 2191 hoc
1158 2151 1313 2193 fuisset
1342 2159 1386 2190 et
1415 2165 1440 2190 a
1472 2149 1690 2190 communi
1715 2147 1802 2188 La·

355 2229 542 2266 tinorum
577 2227 877 2282 sociorumque
904 2229 998 2268 iure
1026 2229 1261 2268 diversum.
1321 2227 1529 2276 Quoenam
1549 2228 1636 2266 sint
1661 2233 1804 2266 autem

352 2303 441 2343 illae
471 2303 696 2343 duodecim
729 2303 909 2344 coloniae
942 2313 984 2344 et
1013 2305 1126 2346 unde
1154 2313 1247 2346 orta
1277 2319 1425 2346 earum
1458 2305 1674 2360 praecipua
1700 2315 1801 2342 con-

376 2497 414 2539 1)
440 2495 597 2529 Prorsus
641 2492 717 2526 alia
751 2493 846 2527 ratio
891 2493 964 2528 suit
1003 2492 1222 2528 Latinorum
1265 2492 1453 2528 inferioris
1487 2492 1604 2528 &talis
1637 2492 1677 2528 iu
1714 2505 1803 2539 pro-

444 2554 586 2589 vinciis.

376 2618 416 2661 ²)
442 2617 549 2650 Iubet
583 2613 673 2647 enim
703 2613 830 2656 (Sulla
857 2614 1054 2655 Etruscos,
1094 2614 1228 2658 quibus
1263 2613 1451 2648 civitatem
1481 2614 1641 2657 suumin)
1678 2615 1800 2649 codem

442 2677 522 2710 iun-c
547 2685 645 2712 csse,
672 2686 739 2718 quo
760 2676 903 2715 suerint
930 2675 1192 2715 Ariminenses,
1220 2686 1308 2718 quos
1333 2676 1412 2718 qm’s
1439 2676 1587 2719 ignorat
1612 2676 1799 2708 duodecim

441 2736 662 2770 coloniarum
685 2735 806 2775 suissc
841 2739 875 2767 ct
904 2747 926 2767 a
953 2735 1087 2767 civibus
1118 2735 1289 2767 Romanis
1318 2736 1540 2768 hereditates
1574 2747 1704 2779 capere
1727 2747 1794 2777 po-

440 2796 582 2831 misse?
609 2794 706 2829 Dicit
725 2796 892 2836 fuer-inm
921 2806 1006 2829 num
1032 2795 1099 2829 illo
1125 2799 1294 2840 tompore
1320 2797 1407 2842 lego
1430 2796 1527 2831 Iulia
1544 2794 1794 2830 Ariminenses

441 2863 475 2892 ct
501 2854 636 2899 reliqui
665 2855 761 2890 cives
788 2860 906 2891 crant.
