1981 3390
465 217 563 266 336

400 350 494 378 cem
527 334 716 393 aliquem
749 346 793 379 et
825 336 875 379 C.
908 337 1179 393 Stephanum·
1217 347 1261 379 et
1293 338 1506 379 editiones
1548 351 1618 380 an.
1655 339 1766 380 1472
1805 349 1848 380 et

398 416 523 455 1480.
570 470 574 474 ι
611 414 661 455 In
706 413 834 455 Catil.
875 415 941 455 lv
983 424 1126 456 autem
1168 430 1203 456 c.
1245 417 1296 467 2,
1334 417 1385 465 3,
1444 415 1520 456 ubi
1557 423 1649 456 erat
1692 420 1849 456 escam·—

400 497 519 531 mala
551 503 693 542 uxor,
726 491 898 532 abiecta
928 497 1039 531 metu
1056 491 1167 538 ,filia
1199 497 1241 532 et
1266 493 1476 545 parvulus
1489 491 1635 542 filius,
1666 505 1726 532 ex
1757 491 1850 532 cod.

403 566 648 607 Erfurtensi
695 575 735 607 et
783 580 842 606 ex
882 567 1035 606 iisdem
1078 565 1297 608 veteribus
1341 569 1601 609 editionibus
1640 575 1681 609 et
1712 569 1851 609 adieci

400 651 500 683 ante
540 642 735 690 abe'ecta,·
779 643 1051 692 necessario,
1099 643 1210 696 quod
1256 642 1306 683 fit
1347 646 1561 698 particula
1601 646 1772 696 addita,
1805 647 1850 685 in

399 717 824 772 singulis-membris
860 719 999 773 magis
1028 719 1268 768 insistitu13
1315 721 1545 761 ostendunt
1590 723 1757 762 adiecta
1796 720 1850 762 ab

401 802 573 835 oratore
603 796 845 849 participia.
894 794 968 835 'In
1009 795 1202 835 eiusdem
1244 797 1452 836 orationis
1498 811 1533 837 c.
1570 799 1622 847 4,
1663 800 1692 837 8
1724 813 1851 852 quam

399 873 648 913 necessaria
700 880 876 926 propter
921 871 1033 912 alias
1084 886 1258 913 caussas
1307 882 1423 914 esset
1467 873 1671 914 Lambini
1721 888 1853 915 unam

400 947 573 988 literam
617 946 878 1002 duplicantis
922 949 1166 989 emendatio
1208 950 1275 999 (et
1309 950 1466 1003 dignas
1509 951 1671 991 scelere
1702 965 1779 1006 pro
1811 956 1857 991 et

403 1025 539 1078 digna
579 1025 763 1073 scelere,
788 1024 862 1064 ‘ut
907 1039 932 1064 a
974 1029 1118 1064 sancit
1159 1039 1320 1066 novum
1372 1027 1609 1068 membrum
1655 1027 1854 1078 oriatur),

403 1101 573 1141 ostendi
603 1101 646 1141 in
676 1115 828 1141 comm.
861 1100 981 1140 acad.
1012 1101 1064 1140 de
1106 1103 1274 1142 emend.
1318 1102 1511 1144 locorum
1553 1105 1718 1159 aliquot
1759 1103 1849 1145 Cic.

404 1185 530 1218 oratt.
561 1178 710 1231 (supra
741 1193 782 1231 p.
815 1178 931 1229 172).
987 1176 1100 1218 Nam
1131 1193 1210 1232 pro
1242 1178 1340 1219 Mil.
1371 1181 1450 1230 33,
1491 1182 1544 1220 91
1580 1190 1744 1221 tantum
1777 1182 1851 1221 ad-

403 1254 609 1294 monendi
639 1262 762 1293 erant
791 1253 1001 1303 lectores,
1049 1268 1102 1295 ne
1134 1254 1394 1295 vocabulum
1424 1258 1645 1309 singulari
1671 1256 1854 1297 divelle-

400 1338 498 1370 rent
519 1345 542 1370 a
557 1329 763 1379 forlema.
821 1329 869 1369 In
893 1329 1073 1384 reliquis
1097 1330 1188 1371 illis
1210 1331 1479 1372 orationibus
1499 1332 1698 1373 omnibus
1719 1348 1853 1374 unum

400 1407 579 1446 memini
612 1420 730 1455 esse,
761 1406 874 1460 quod
914 1409 1175 1449 contrarium
1207 1409 1429 1459 videatur,
1477 1409 1744 1464 exemplum,
1773 1424 1852 1463 pro

404 1483 518 1524 Sest.
545 1484 627 1534 65,
661 1484 766 1531 1373
807 1483 882 1523 sed
918 1485 1089 1525 videtur
1127 1488 1317 1534 tantum3
1345 1500 1448 1527 ⁴nam
1484 1487 1605 1527 bonis
1635 1490 1742 1526 viris
1774 1500 1851 1540 pro

402 1572 489 1599 uno
521 1574 616 1599 esse
647 1558 879 1610 vocabulo,
909 1562 977 1600 cui
1010 1561 1224 1603 adiectiva
1247 1563 1535 1617 adiungantur
1566 1562 1854 1616 (sapientibus

402 1641 449 1675 et
477 1634 583 1676 bene
604 1641 763 1676 natura
783 1640 1061 1691 constitutis),
1092 1639 1195 1678 ordo
1224 1640 1317 1693 ipse
1340 1638 1649 1680 vocabulorum
1674 1639 1850 1680 demon-

401 1719 523 1752 strat.
585 1711 699 1753 Nam
732 1728 808 1768 pro
846 1705 985 1754 Ba‘lbo
1027 1717 1080 1764 6,
1123 1717 1178 1755 16
1221 1717 1451 1769 (praesemr,
1496 1722 1681 1768 experta
1724 1722 1853 1770 atque

399 1793 646 1842 perspecta)
679 1791 723 1829 in
753 1804 976 1830 numerum
1015 1792 1188 1831 omnino
1220 1805 1306 1831 non
1336 1791 1503 1841 refero,
1541 1800 1588 1831 ut
1622 1791 1698 1832 ubi
1730 1793 1871 1833 codd-¹

401 1879 487 1905 non
518 1865 781 1920 ,interpolati
824 1865 1012 1907 habeant
1053 1875 1219 1907 tantum
1247 1874 1375 1921 atque
1408 1875 1662 1922 perspecta,
1708 1871 1851 1919 unius,

402 1956 489 1983 non
534 1942 717 1983 duorum
762 1942 1073 1984 vocabulorum
1111 1944 1282 1985 defectu
1335 1945 1544 1985 mendosi.
1602 1945 1652 1985 In
1697 1944 1800 1986 libri
1831 1945 1852 1986 I

404 2019 457 2058 de
488 2027 658 2059 oratore
689 2035 725 2060 c.
755 2022 825 2070 43,
857 2022 939 2061 194
970 2021 1116 2074 (quum
1149 2035 1289 2071 verus,
1321 2025 1458 2062 iustus
1500 2027 1629 2076 utque
1654 2021 1854 2063 honestus

403 2095 526 2135 labor
561 2095 818 2147 honoribus,
854 2102 1075 2151 proemz'c's,
1119 2099 1346 2152 splendore
1378 2099 1627 2152 decoratur)
1667 2099 1766 2154 quid
1799 2101 1855 2140 sit

402 2174 555 2226 pravi,
590 2176 841 2228 expositum
872 2183 937 2215 est
970 2190 1065 2215 meo
1099 2175 1320 2216 admonitu
1351 2177 1395 2215 in
1428 2175 1735 2217 Henrichsenii
1767 2179 1854 2218 mei

404 2249 705 2297 adnotatione3
749 2253 821 2305 qui
854 2253 966 2306 quod
1006 2267 1065 2292 ex
1103 2252 1296 2294 codicum
1338 2252 1623 2294 varietatibus
1658 2252 1768 2292 nihil
1800 2267 1851 2293 eo

404 2324 502 2365 loco
536 2325 733 2366 concludi
765 2341 893 2380 posse
923 2329 1047 2377 dicit,
1099 2331 1199 2382 quia
1237 2343 1386 2369 omnes
1423 2343 1482 2368 ex
1517 2343 1602 2368 uno
1632 2328 1853 2368 Laudensi

403 2401 637 2451 fluxerint,
687 2403 730 2441 id
771 2410 913 2442 tamen
957 2403 1254 2453 concluditur,
1294 2418 1378 2443 non
1407 2413 1628 2454 constare,
1674 2405 1773 2458 quid
1806 2407 1852 2446 iu

401 2478 479 2519 illo
523 2479 666 2519 suerit.
743 2478 993 2520 occultaret
1034 2488 1198 2534 partem
1234 2480 1402 2530 mendi,
1451 2482 1520 2534 qui
1561 2495 1614 2521 ex
1650 2490 1850 2535 quattuor

404 2555 524 2596 codd.
565 2554 773 2596 scriberet
815 2570 941 2597 verus
974 2562 1018 2596 et
1057 2560 1194 2596 iustus
1224 2562 1353 2610 alque
1384 2556 1597 2597 honestus.
1672 2557 1851 2599 Catonis

404 2631 551 2672 nullus
586 2640 650 2672 est
682 2632 803 2673 locus
832 2635 875 2674 in
918 2633 998 2674 hoc
1028 2648 1187 2689 genere
1221 2634 1450 2674 mendosus
1488 2636 1532 2674 in
1571 2634 1850 2686 editionibus,

405 2709 486 2748 etsi
519 2723 554 2749 c.
585 2710 659 2759 19,
707 2712 762 2750 67
806 2709 875 2751 vel
920 2709 1021 2750 boni
1065 2711 1232 2751 codices
1275 2713 1318 2750 in
1366 2711 1454 2751 illis
1493 2711 1625 2752 Meus
1662 2716 1772 2752 enim
1808 2719 1851 2752 et

405 2789 519 2827 ratio
554 2791 599 2827 et
630 2788 854 2830 consilium
885 2789 1004 2843 prius
1049 2793 1093 2829 et
1141 2787 1196 2829 ob
1237 2788 1563 2833 similitudinem
1605 2789 1847 2843 compendii
