1981 3390
1437 254 1523 302 171

160 381 326 426 protum
369 374 428 412 ita
472 369 734 425 explicavit,
787 379 832 410 ut
875 369 942 410 vel
988 369 1069 411 sibi
1112 371 1404 418 satisfacerem
1455 373 1599 427 itaque

160 447 280 488 nulla
324 455 388 487 est
422 447 466 487 in
495 447 550 486 iis
592 447 819 486 sententiis
864 445 1114 487 refellendis
1159 461 1290 502 opera
1332 448 1601 499 insumenda,

158 536 266 577 quas
303 524 385 577 ipsi
431 530 629 563 auctores
671 537 791 578 piene
836 523 1154 578 improbantl).
1212 523 1428 564 Orellium
1472 527 1603 566 miror

161 600 286 639 nimis
323 598 480 639 leviter
519 613 566 639 se
601 600 906 655 expedientem
928 603 986 650 2).
1068 599 1169 641 Non
1197 608 1372 655 apparet
1403 603 1602 655 primum,

158 676 254 729 quis
291 675 597 724 intervenerit3
636 690 734 717 nam
778 677 828 717 ad
869 676 917 717 C.
950 677 1187 718 Antonium
1220 677 1300 717 hoc
1331 677 1510 718 verbum
1544 680 1604 718 ita

159 751 338 802 referri,
369 761 415 792 ut
442 754 701 794 sententiam
733 752 914 804 efficiat,
961 753 1081 794 nullo
1121 754 1245 793 modo
1286 762 1442 808 potest,
1476 768 1603 809 quem

160 841 246 868 non
273 830 560 869 intervenisse
593 830 709 879 dicit,
745 831 835 880 sed,
864 844 993 884 quum
1022 830 1220 870 inductus
1253 839 1366 870 esse⁴
1393 833 1436 870 in
1467 844 1604 885 spem,

159 904 413 946 destitutum
446 919 569 956 esse,
611 914 656 945 ut
689 905 801 946 alius
838 908 932 960 quis
963 907 1106 960 potius
1140 907 1427 946 intervenisse
1458 907 1605 947 videa-

159 989 254 1029 tur;
288 981 467 1031 deinde,
501 994 584 1036 quo
616 983 829 1036 pertineat
861 981 1075 1035 particula
1108 985 1244 1029 eninm
1288 990 1392 1032 tum,
1426 984 1521 1037 quis
1550 984 1607 1022 sit

159 1055 237 1097 ille
269 1066 436 1108 metus,
486 1057 539 1098 de
570 1072 654 1112 quo
686 1057 982 1113 interrogandi
1015 1057 1136 1099 nulla
1168 1067 1233 1099 est
1269 1073 1423 1109 causa,
1475 1073 1605 1113 quum

159 1133 296 1184 nihil,
329 1134 442 1189 quod
470 1142 631 1174 metum
659 1133 906 1190 significet,
936 1135 1097 1176 dictum
1123 1136 1200 1193 sit3
1240 1143 1487 1189 postremo,
1521 1149 1605 1190 quo

159 1218 355 1265 spectent
388 1210 467 1251 illa
496 1211 616 1251 salvo
659 1216 802 1265 cape'le
834 1225 1018 1265 negare,
1064 1226 1157 1267 quae
1189 1212 1242 1252 ad
1272 1214 1531 1265 promissum
1556 1211 1605 1252 C.

157 1285 351 1328 Antonio
374 1287 519 1328 datum
541 1288 691 1328 referri
711 1302 795 1328 non
810 1297 1012 1343 possunt3
1044 1290 1324 1343 nequeenim,
1354 1303 1428 1329 cur
1448 1290 1606 1343 promi-

159 1365 280 1414 serit,
310 1364 385 1404 sed
412 1377 486 1404 eur
509 1377 591 1404 non
623 1365 886 1418 praestiterit,
920 1367 1137 1420 quaeritur.
1195 1365 1324 1406 Viam
1351 1365 1606 1404 emendandi

160 1441 253 1494 ipsa
267 1439 343 1480 illa
354 1439 567 1494 particula
582 1443 691 1480 enim
706 1442 907 1481 ostendit.
967 1442 1092 1502 l'atet
1106 1442 1235 1492 enim,
1269 1456 1293 1481 a
1305 1440 1514 1481 Cicerone
1529 1455 1606 1496 per

159 1517 346 1570 speciem
366 1518 662 1557 excusationis
677 1517 816 1558 levem
832 1527 873 1558 et
887 1526 1054 1573 turpem
1069 1532 1242 1559 causam
1256 1518 1448 1558 destituti
1466 1518 1606 1571 patrui

161 1593 334 1634 adferri.
397 1591 603 1633 Mendum
619 1596 807 1648 positum
823 1603 886 1634 est
900 1596 942 1634 in
957 1609 1043 1635 una
1056 1594 1133 1635 illa
1148 1609 1268 1644 voce,
1284 1596 1326 1633 in
1341 1607 1423 1647 qua
1438 1593 1608 1633 codices

160 1669 430 1725 discrepant,
457 1683 514 1710 ex
538 1684 718 1725 quorum
741 1673 940 1726 vestigiis
962 1675 1036 1711 cm·
1055 1686 1132 1727 pro
1158 1672 1263 1727 qnid
1276 1670 1507 1726 legendnm
1530 1678 1609 1710 est,

161 1746 434 1797 (Intervenit
470 1751 605 1797 enlm,
639 1751 713 1791 ceci
739 1752 932 1790 metuisti
951 1746 1065 1802 etc.).
1131 1747 1426 1789 Intervenisse
1454 1745 1607 1787 Cicero

163 1822 267 1864 dicit
295 1823 505 1880 aliquem,
546 1825 618 1878 qui
652 1825 692 1864 id
727 1838 881 1865 munus
910 1833 1062 1879 patruo
1093 1824 1283 1865 debitum
1315 1825 1609 1878 interceperit,

163 1907 207 1940 et
237 1898 300 1940 Μ.
330 1901 534 1940 ,Antonio
583 1903 842 1952 extorserit,
892 1902 1005 1956 quod
1059 1910 1270 1942 metueret
1311 1900 1504 1950 scilicet,
1553 1913 1607 1939 ne

166 1976 293 2016 salvo
323 1978 463 2030 capite
493 1991 653 2031 negare
686 1979 727 2017 ei
760 1991 845 2021 non
875 1986 1036 2032 posset.
1100 1978 1241 2018 Notus
1277 1985 1367 2017 erat
1400 1977 1611 2016 senatori*

165 2051 246 2092 bus
282 2052 410 2092 homo
453 2054 870 2107 contemptissimus,
918 2067 1042 2107 quem
1076 2051 1138 2092 M.
1170 2052 1412 2102 Antonius,
1456 2062 1608 2107 patruo

192 2174 228 2216 ¹)
254 2174 527 2207 Wernsdoffius
547 2170 860 2218 tamem'recepta
888 2177 968 2217 post
991 2174 1178 2207 Murctum
1207 2178 1241 2208 ct
1268 2174 1455 2207 Faernum
1477 2174 1613 2208 codicis

259 2234 342 2266 vat.
368 2233 575 2277 scriptura,
616 2239 795 2278 tanquam
832 2233 1084 2277 intelligeret,
1119 2234 1216 2267 ”Pro
1243 2235 1454 2276 contextu”‚
1481 2234 1612 2279 inquit,

258 2290 462 2325 ”sermonis
494 2294 630 2326 rectius
657 2294 734 2326 haec
760 2293 1003 2338 iungtintur’{.

188 2352 229 2396 2)
256 2349 455 2385 Intervenit
479 2353 570 2386 enim
593 2354 676 2386 vult
702 2364 779 2386 esse
807 2358 872 2387 aut
887 2352 1008 2386 Tullii
1025 2356 1090 2386 aut
1108 2352 1357 2397 grammatici,
1382 2353 1612 2398 explicantis,

255 2413 440 2457 quomodo
466 2413 650 2446 Antonius
671 2418 848 2458 patruum
876 2413 1098 2447 destituerit.
1145 2412 1283 2446 Mil-am
1311 2424 1412 2454 vero,
1439 2413 1469 2446 si
1490 2414 1613 2447 Tullii

257 2476 333 2513 est,
374 2472 620 2507 adiectionem
656 2485 723 2518 per
757 2473 907 2507 tertiam
944 2485 1140 2518 personam
1174 2473 1211 2506 in
1237 2472 1360 2506 media
1385 2474 1613 2507 allocutione

258 2532 432 2572 Antonii,
478 2532 613 2565 miram
664 2537 699 2566 et
737 2534 935 2567 obscuram
980 2533 1220 2579 grammatici
1255 2533 1614 2576 interpretationem,

258 2591 391 2625 deinde
416 2593 574 2626 falsam:
599 2603 669 2626 non
697 2593 794 2626 enim
824 2593 1025 2628 intervenit
1048 2594 1100 2627 Μ.
1126 2593 1321 2634 Antonius,
1347 2593 1409 2625 scd
1435 2592 1613 2632 destituit,

259 2651 397 2692 idest,
431 2663 503 2686 non
538 2653 701 2694 adittvi13
738 2653 870 2686 deinde
909 2654 1100 2686 intervenit
1124 2654 1416 2697 interpretatur:
1456 2652 1546 2683 clam
1577 2664 1613 2684 sc

261 2713 452 2755 opposuit,
491 2717 528 2746 et
562 2712 599 2746 in
633 2713 704 2747 hoc
731 2713 848 2752 clam,
886 2713 991 2747 cuius
1017 2714 1164 2746 nullum
1191 2717 1244 2746 est
1269 2714 1366 2756 apud
1395 2712 1612 2745 eicon-onem

262 2771 475 2817 vestigium,
499 2773 686 2807 sententiae
709 2773 785 2807 vim
812 2773 938 2818 ponit;
967 2774 1077 2818 (qum,
1104 2773 1134 2806 si
1160 2772 1254 2806 illud
1283 2776 1335 2806 cst
1361 2772 1614 2817 grnunuatici.

262 2831 366 2866 nulla
393 2832 479 2876 est.)
527 2832 696 2870 Tametsi
720 2836 799 2871 teta
827 2834 948 2870 ironia
973 2833 1188 2869 inanissima
1213 2837 1276 2866 cst.
