1981 3390
465 240 559 290 148

394 370 608 404 ramento:
658 362 804 417 Atque
851 382 903 392 ·-
951 360 1202 404 diiudicatae
1247 361 1417 417 eint¹);
1474 361 1586 418 quod
1633 370 1842 417 praeterea

394 440 623 483 molestam
653 439 786 481 habet
813 438 1241 481 circumlocutionem
1270 441 1316 481 in
1349 439 1464 481 illis:
1503 439 1714 480 eiusmodi
1730 438 1843 490 sue-

391 524 518 569 runt,
559 524 612 559 ut
635 539 692 549 —-
724 517 976 558 diiudicatae
1003 521 1116 565 sint,-
1159 531 1260 558 nam
1289 531 1420 573 quum
1452 516 1523 558 hic
1551 518 1728 568 exitus,
1757 530 1842 558 non

392 605 546 638 natura
587 594 762 637 illarum
802 595 1122 635 dissensionum
1163 594 1461 649 significetur,
1494 595 1720 636 dicendum
1752 604 1846 636 erat

394 673 651 728 simpliciter
685 672 935 712 die'mlz'catoe
964 677 1076 712 smel.
1139 671 1290 727 Itaque
1321 672 1442 714 nulla
1472 672 1684 714 dubitatio
1712 672 1845 714 relin-

394 752 566 806 quitur,
600 751 705 805 quin
735 749 827 790 haec
856 750 1107 803 interpretis
1137 749 1323 790 alicuius
1350 750 1570 791 adnotatio
1604 753 1686 803 sit,
1717 766 1842 807 repe-

394 830 526 870 tentis
560 837 659 869 ante
688 829 1053 884 comparationem
1084 834 1127 868 et
1157 827 1323 877 eadem,
1352 842 1435 882 qua
1454 825 1606 868 Cicero
1638 830 1683 869 in
1707 828 1846 870 altera

391 915 515 963 parte
558 920 662 947 usus
700 915 820 957 erat,
859 905 1000 947 forma
1042 906 1348 961 proponentiS,
1390 920 1483 961 quae
1527 904 1682 947 Cicero
1717 920 1847 963 supra

395 987 596 1036 dixerat,
637 986 756 1040 prior
799 992 944 1025 autem
987 985 1204 1024 sententia
1232 982 1362 1038 plane
1405 984 1462 1023 sit
1489 984 1675 1039 integra.
1733 983 1845 1026 Nam

392 1077 447 1104 ne
483 1062 562 1103 illa
595 1063 767 1117 quidem
798 1068 941 1103 tamen
977 1075 1122 1103 omnes·
1163 1069 1312 1103 contra
1344 1060 1505 1102 multos
1534 1062 1703 1103 codices
1738 1063 1847 1103 reci-

391 1140 551 1197 pienda
580 1149 712 1196 puto,
761 1154 855 1195 quae
885 1141 1061 1181 minime
1092 1140 1338 1180 necessaria
1367 1148 1481 1179 sunt.
1536 1138 1682 1195 Atque
1716 1140 1843 1181 huius

393 1210 568 1275 gen‘eris
610 1218 937 1268 adnotationes,
992 1216 1149 1273 quibus
1195 1215 1417 1258 Ciceronis
1464 1218 1680 1258 sententia
1713 1217 1843 1272 paulo

391 1295 519 1350 alit-*er
550 1296 819 1337 conformata
851 1303 894 1335 et
922 1294 1145 1349 explicata
1161 1302 1446 1349 repeteretur,
1475 1295 1521 1334 in
1544 1301 1718 1334 textum
1740 1309 1845 1335 non-

390 1373 523 1415 nullis
572 1373 682 1414 locis
737 1386 833 1413 esse
884 1380 1109 1428 receptaS,
1160 1386 1232 1413 res
1273 1379 1339 1413 est
1379 1373 1486 1412 satis
1530 1379 1671 1421 certa3
1724 1374 1846 1414 cuius

389 1453 566 1509 generis
608 1449 892 1493 memorabile
936 1458 1002 1491 est
1044 1449 1299 1505 exemplum
1336 1451 1382 1491 in
1421 1458 1530 1491 orat.
1571 1465 1651 1505 pro
1689 1450 1846 1493 Flacco

390 1531 471 1581 20,
503 1531 584 1581 46,
627 1528 703 1571 ubi
743 1543 836 1585 quae
878 1530 924 1570 in
966 1528 1114 1569 codice
1159 1529 1322 1582 optimo
1361 1527 1578 1570 Vaticano
1617 1528 1773 1568 desunt
1803 1536 1848 1569 et

391 1606 445 1650 ab
479 1607 640 1650 Ursino
691 1615 734 1647 et
777 1606 877 1647 aliis
917 1606 1120 1646 damnata
1169 1613 1297 1657 sunt,
1343 1620 1395 1646 ea
1435 1607 1532 1661 ipsa
1571 1619 1656 1646 non
1703 1604 1845 1647 solum

388 1686 635 1728 Arusianus
677 1684 853 1727 Messus
902 1687 962 1739 (p.
1001 1685 1085 1725 373
1116 1683 1218 1724 edit.
1261 1683 1387 1724 Rom.
1433 1697 1611 1739 operum
1660 1681 1847 1739 Front.),

391 1765 534 1806 citatis
566 1765 645 1815 iis,
675 1777 769 1819 quae
797 1758 1047 1820 praecedunt
1077 1769 1119 1802 et
1148 1769 1412 1817 sequuntur,
1446 1762 1631 1813 omittit,
1674 1761 1751 1803 sed
1780 1763 1848 1802 in-

389 1853 565 1898 terpres·
590 1849 742 1892 vetus,
793 1842 914 1882 cuius
947 1839 1117 1882 scholia
1147 1839 1203 1881 A.
1236 1838 1382 1880 Maius
1414 1854 1437 1880 e
1469 1840 1562 1881 cod.
1595 1827 1739 1882 Vatic.
1771 1855 1847 1895 paq

388 1920 616 1975 limpsesto
639 1919 788 1971 edidit,
819 1919 967 1971 (Auct.
991 1918 1173 1960 Classic.
1197 1918 1323 1959 Rom.
1352 1919 1475 1959 1828.
1495 1916 1599 1959 Vol.
1627 1916 1685 1958 ΙΙ.
1706 1933 1747 1973 p.
1775 1918 1846 1968 28,

391 1997 532 2040 Orell.
545 1998 603 2049 V,
615 1999 692 2050 2p.
705 1999 823 2047 242),
838 2012 915 2053 pro
935 1996 1230 2052 explicatione
1245 1997 1382 2051 ponit.
1439 1996 1589 2051 anue
1602 1995 1847 2052 corruptela

389 2077 605 2118 interdum
643 2075 697 2116 ad
724 2076 1049 2132 antiquissimos
1080 2076 1250 2116 codices
1272 2076 1476 2130 pertinet.
1536 2073 1688 2130 Itaque
1714 2088 1845 2130 quum

389 2156 472 2197 hoc
509 2164 718 2205 tenerem,
747 2168 833 2195 non
865 2153 1006 2195 solum
1039 2153 1120 2195 illa
1153 2152 1340 2204 exclusi,
1373 2166 1467 2208 quae
1498 2153 1544 2193 in
1573 2152 1764 2208 Philipp.
1789 2151 1848 2203 II,

388 2235 469 2283 26,
501 2234 557 2272 64
582 2232 780 2287 plerique
815 2247 838 2271 e
872 2232 966 2272 cod.
994 2231 1212 2272 Vaticano
1242 2231 1520 2281 addiderant,
1552 2231 1642 2272 vim
1672 2238 1846 2271 senten-

389 2311 484 2362 tiae,
530 2323 623 2365 quae
664 2309 800 2349 haeret
838 2309 884 2348 in
913 2307 1003 2347 illis
1031 2309 1158 2347 iuxta
1182 2309 1337 2361 positis
1372 2306 1659 2347 servientibus
1689 2310 1847 2348 animis

385 2391 571 2444 gemitus
603 2384 852 2436 lt'berfin‘t,
884 2391 1237 2439 corrumpentes,
1276 2384 1352 2424 sed
1385 2385 1429 2424 in
1463 2393 1571 2425 orat.
1601 2399 1680 2441 pro
1712 2384 1847 2427 Deio·

390 2476 485 2508 taro
522 2481 558 2507 c.
584 2467 639 2513 3,
681 2467 710 2506 8
738 2462 885 2506 verbis
915 2462 1005 2503 illis
1040 2468 1166 2517 teque
1208 2475 1335 2517 quum
1381 2460 1483 2503 huic
1524 2466 1707 2515 iratum,
1758 2469 1845 2504 tum

389 2544 478 2587 siba·
511 2547 696 2586 senticum
736 2545 1033 2597 cognoverant
1074 2542 1368 2582 coniecturam
1403 2550 1577 2583 secutus
1608 2551 1753 2584 notam
1781 2545 1847 2582 in-

389 2621 692 2680 terpolationis
722 2620 917 2675 adposui.
981 2617 1079 2660 Non
1110 2627 1278 2674 poterat
1307 2618 1476 2671 Cicero,
1511 2634 1659 2676 quum,
1690 2618 1845 2676 quibus

388 2701 520 2744 rebus
570 2697 839 2742 confiderent
886 2704 1158 2739 accusatores
1201 2696 1426 2750 Deiotari,
1484 2706 1759 2740 enumeraret
1804 2706 1848 2738 et

415 2813 454 2856 ¹)
479 2810 602 2851 Pam>
630 2819 741 2854 quam
771 2805 968 2849 erraverit,
997 2805 1059 2852 qui
1083 2805 1246 2853 priorem
1275 2805 1498 2843 sententiam
1522 2805 1687 2842 alienam
1716 2809 1753 2841 ot
1777 2806 1846 2840 de-

485 2871 633 2908 lendam
660 2868 851 2906 iudicavit.
