1981 3390
1492 268 1587 316 341

212 394 503 437 commutandi
535 390 824 440 consuetudo,
856 394 1030 443 propter
1062 400 1189 444 quam
1222 387 1274 427 ad
1307 387 1487 428 eandem
1518 401 1660 427 corre-

211 474 396 512 ctionem
422 473 465 510 in
498 484 534 510 c.
564 470 608 518 ¹⁷,
652 470 730 516 18,
778 465 852 506 ubi
887 465 1130 506 necessaria
1161 472 1252 514 est,
1296 464 1538 504 faciendam
1571 463 1660 503 suf-

211 546 303 589 fieit
333 546 570 587 auctoritas
599 542 737 584 solius
767 545 893 583 istius
927 542 1087 582 codicis
1116 541 1496 595 Lagomarsiniani
1516 539 1572 592 ¹).

334 621 721 663 Commemoranda
767 628 832 660 est
871 619 1074 673 deinceps
1115 620 1243 658 tertia
1282 617 1473 673 quaedam
1511 616 1660 655 huius-

208 699 325 740 modi
367 699 419 738 ad
462 697 597 738 libros
635 699 801 752 priores
843 697 1127 737 Verrinarum
1172 696 1393 749 pertinens
1429 693 1658 734 dissensio.

208 775 319 816 Puto
353 777 466 815 enim
496 776 695 829 antiquas
733 774 898 828 aliquot
927 771 1285 824 interpolationes
1314 771 1383 811 hic
1416 770 1551 810 latere
1581 783 1658 824 per

209 865 359 892 omnes
394 852 567 891 codices
604 859 889 905 pervagatas,
934 858 1050 889 ortas
1095 862 1154 888 ex
1197 850 1310 888 notis
1343 845 1659 902 marginalibus

209 937 252 968 et
289 927 641 968 interlinearibus
685 929 795 966 inter
841 924 972 966 verba
1008 926 1191 964 oratoris
1225 926 1436 978 receptis,
1484 937 1589 976 quas
1620 923 1660 961 si

209 1017 294 1044 non
327 1004 507 1054 tollere,
540 1005 835 1043 demonstrare
865 1009 1009 1041 tamen
1046 1009 1087 1040 et
1114 1009 1265 1040 notare
1298 1008 1390 1039 tuto
1418 998 1571 1048 liceat,
1604 997 1660 1038 ad

206 1094 389 1134 eamque
433 1094 524 1123 rem
568 1079 817 1132 Zumptium
857 1080 998 1118 minus
1032 1078 1282 1118 attendisse.
1351 1076 1493 1125 Quam
1529 1083 1657 1116 vetus

205 1157 296 1197 hoec
337 1158 394 1196 sit
433 1155 643 1196 librorum
686 1154 954 1207 corruptela,
992 1162 1112 1208 patet
1141 1169 1271 1209 quum
1307 1168 1360 1193 ex
1392 1152 1500 1203 illo,
1544 1151 1659 1207 quod

205 1242 305 1274 ante
335 1234 695 1282 commemoravi,
737 1233 896 1272 codicis
923 1231 1127 1272 Vaticani
1159 1232 1452 1271 additamento
1484 1232 1528 1270 in
1556 1229 1656 1270 libr.

205 1309 252 1360 I,
283 1311 352 1359 47,
393 1311 475 1350 122
510 1308 763 1359 (Quintium
807 1309 883 1348 cfr.
922 1307 1095 1362 Zumpt.
1135 1322 1178 1361 p.
1217 1306 1522 1358 XXXVIII),
1566 1314 1658 1346 tum

207 1400 267 1426 ex
299 1387 380 1435 iis,
426 1400 518 1440 quae
550 1386 602 1426 de
636 1385 732 1426 loco
775 1383 874 1425 libr.
915 1384 935 1424 Ι
968 1399 1004 1424 c.
1034 1385 1116 1434 22,
1155 1386 1211 1424 60
1247 1385 1332 1424 iam
1364 1385 1406 1422 in
1438 1390 1659 1423 enarrato-

205 1464 291 1513 ris,
324 1464 396 1516 qui
428 1464 645 1502 Asconius
679 1461 950 1516 appellatur,
992 1461 1138 1501 codice
1174 1460 1435 1514 interpolato
1472 1459 1661 1514 exposui

204 1539 249 1578 in
283 1539 442 1592 disput.
472 1539 524 1580 de
554 1539 746 1579 Asconio
778 1553 820 1592 p.
850 1540 946 1578 100.
1012 1536 1141 1591 (Nam
1172 1537 1225 1577 de
1256 1536 1392 1577 altero
1425 1536 1522 1576 loeo
1558 1534 1658 1576 libr.

205 1613 254 1665 I,
283 1615 365 1665 54,
398 1617 480 1655 142
512 1615 701 1656 Ernestii
730 1616 1022 1668 suspicionem
1057 1612 1304 1667 improbare
1338 1612 1576 1662 debebam,
1612 1620 1661 1653 ut

205 1690 467 1743 improbavit
520 1691 774 1746 Zumptius3
827 1693 1050 1732 verissime
1104 1689 1304 1730 Graevius
1359 1688 1470 1729 bona
1522 1691 1660 1743 ipsius

205 1768 493 1822 redemptoris
534 1768 810 1809 intellexisse
855 1768 1058 1821 videtur.)
1143 1767 1232 1808 Sed
1273 1781 1369 1808 eam
1411 1765 1555 1806 labem
1604 1766 1659 1806 ad

204 1844 396 1900 reliquos
441 1859 610 1900 quoque
656 1859 731 1885 eos
774 1845 966 1894 codices,
1015 1857 1121 1898 quos
1170 1843 1397 1897 Zumptius
1441 1851 1558 1883 recte
1598 1856 1659 1883 ex

205 1921 353 1976 aliquo
386 1922 615 1975 integrius,
646 1935 774 1975 quam
808 1930 873 1962 est
905 1921 1162 1970 Vaticanus,
1193 1920 1410 1973 descripto
1444 1921 1659 1973 originem

207 1996 369 2038 habere
414 2005 563 2051 putat,
618 1998 784 2052 exigua
827 2011 887 2037 ex
931 2006 1056 2052 parte
1101 1997 1383 2051 pervenisse,
1432 1996 1658 2036 ostendere

237 2138 273 2181 ⁸)
301 2138 356 2170 Ex
384 2137 515 2171 iisdem
543 2137 661 2171 tribus
687 2137 907 2172 melioribus
944 2137 1074 2178 codd.‚
1109 2137 1348 2171 dissentiente
1384 2137 1510 2171 Guels.
1545 2138 1587 2179 1,
1621 2136 1661 2171 in

294 2197 418 2231 Divin.
448 2198 505 2238 17,
531 2197 576 2231 55
599 2198 835 2231 scribendum
864 2202 975 2242 puto:
1002 2202 1041 2230 ut
1064 2199 1243 2240 praesecto
1270 2198 1327 2230 illi
1350 2198 1561 2241 religionem
1593 2196 1659 2230 Ve-

292 2258 391 2290 neris
416 2259 555 2291 nomIne
581 2259 762 2290 obiiceret.
815 2259 1020 2304 Vulgatam
1051 2257 1276 2301 scripturam
1303 2257 1515 2299 religionem
1547 2256 1659 2289 Vene-

295 2317 348 2349 rt'e
374 2328 578 2361 nomenque,
609 2328 719 2362 quam
746 2319 806 2351 vel
834 2318 1049 2362 exquisitior
1075 2318 1276 2350 verborum
1302 2317 1392 2350 ordo
1418 2316 1516 2350 tueri
1540 2316 1661 2350 videri

294 2382 419 2420 queat,
449 2377 486 2410 in
509 2389 551 2410 co
578 2378 751 2411 vitiosam
775 2377 911 2414 iudico,
939 2378 1034 2421 quod
1062 2376 1229 2420 graviori
1256 2376 1448 2419 religionis
1474 2376 1660 2410 vocabulo

292 2435 404 2469 inane
432 2447 475 2470 ac
499 2438 584 2470 leve
610 2448 733 2470 nomen
761 2436 989 2481 superaddit.
1038 2437 1258 2481 Ignoratum
1287 2437 1420 2477 eredo,
1452 2435 1540 2479 quid
1567 2439 1663 2470 esset

292 2496 506 2540 religionem
532 2496 704 2534 obiicere,
742 2496 825 2530 idco
863 2497 1075 2541 rel1'gz’onem
1109 2496 1253 2529 Veneris
1279 2496 1540 2537 intellectam,
1576 2496 1661 2528 inde

293 2556 539 2590 mutationem
576 2562 715 2590 ortam.
777 2558 832 2590 Ex
868 2558 940 2591 Gu.
976 2557 1016 2597 1,
1058 2561 1099 2590 ut
1141 2557 1213 2590 hoe
1259 2561 1465 2589 extremum
1511 2556 1660 2596 addam,

294 2617 490 2661 Zumptius
523 2617 561 2650 in
595 2617 683 2650 libr.
712 2618 742 2650 V
769 2630 800 2651 c,
827 2618 893 2659 47,
925 2616 995 2651 125
1023 2627 1105 2650 eam
1131 2615 1357 2660 scripturam
1382 2614 1550 2655 induxit,
1588 2624 1662 2657 qua

294 2676 432 2710 vulnus
462 2677 521 2710 vix
551 2678 781 2717 occultetur,
826 2677 964 2710 nedum
989 2681 1154 2710 sanetur.
1224 2677 1320 2710 Nam
1356 2685 1424 2707 nec
1459 2674 1661 2707 verborum

294 2735 438 2779 positus
461 2737 663 2780 permittit,
699 2741 742 2771 ut
772 2736 929 2782 genitivi
961 2736 1029 2769 illo
1067 2737 1150 2770 loco
1183 2747 1203 2770 a
1242 2746 1333 2770 voce
1370 2734 1426 2766 ius
1463 2733 1660 2776 pendeant,

294 2806 365 2829 nec
399 2795 538 2830 dicitur
573 2796 729 2830 obtinere
764 2796 831 2829 Izoc
867 2797 923 2829 ius
957 2797 1208 2840 cognationis,
1255 2800 1293 2829 ut
1327 2795 1557 2837 deprecemur
1590 2803 1657 2836 pro

296 2865 338 2889 eo
360 2856 457 2900 quod
484 2860 550 2892 cst:
581 2858 657 2892 iure
682 2858 910 2902 cognationis
933 2857 1100 2892 obtinere.
