1981 3390
415 205 509 254 114

347 326 541 368 codicum
583 322 817 367 multorum
860 326 1161 368 auctoritatem
1201 325 1363 368 habere
1398 327 1621 379 credatur,
1674 340 1788 385 saepe

344 403 509 446 nullam
542 411 617 445 aut
646 404 935 458 perexiguam
965 402 1150 453 habeat;
1188 418 1268 445 nec
1298 403 1341 445 id
1376 418 1546 460 semper
1574 406 1619 446 in
1649 407 1789 449 minu-

343 486 399 525 tis
429 482 559 524 rebus
589 480 767 528 accidit3
799 494 938 535 neque
963 489 1128 523 tantum
1153 482 1206 523 de
1233 480 1409 524 Gruteri
1435 485 1792 541 superiorumque

344 561 564 604 codicibus
594 559 676 599 hoc
706 559 938 599 tenendum
971 567 1051 611 est,
1091 561 1166 601 sed
1196 562 1240 601 in
1269 560 1488 616 plerisque
1524 562 1791 605 orationibus

344 640 396 679 de
430 638 588 678 Graevii
619 635 761 687 libris,
790 644 880 677 tum
916 651 1076 690 magna
1109 651 1168 679 ex
1200 647 1322 693 parte
1355 639 1407 679 de
1441 639 1789 692 oxoniensibus,

344 718 390 756 in
443 715 598 771 quibus
629 714 903 755 conferendis
946 728 1076 768 quum
1115 715 1333 769 permulta
1367 716 1454 757 alia
1495 720 1656 760 omissa
1698 733 1794 760 esse

346 794 666 850 apertissimum
698 801 789 844 est,
831 800 921 833 tum
951 806 1005 833 ne
1047 792 1185 833 semel
1217 793 1390 848 quidem
1419 802 1609 836 mutatus
1638 795 1794 837 verbo-

344 887 441 914 rum
474 872 578 913 ordo
618 870 848 912 adnotatus
882 879 972 922 est,
1013 885 1107 926 quae
1146 884 1217 912 res
1250 872 1398 927 magni
1437 885 1550 927 saepe
1585 875 1794 914 momenti

347 952 480 992 etiam
510 950 565 991 ad
594 948 682 991 alia
714 949 990 990 diiudicanda
1019 956 1097 989 est.
1173 948 1497 990 Oxoniensium
1530 957 1674 991 tamen
1705 950 1795 991 edi·

347 1038 488 1070 torum
533 1027 709 1069 silentio
744 1042 823 1082 pro
865 1028 1114 1067 testimonio
1155 1035 1199 1068 et
1235 1027 1311 1068 alii
1342 1036 1384 1068 et
1424 1026 1686 1069 Garatonius
1720 1042 1797 1084 per

346 1116 484 1149 totum
525 1107 878 1153 commentarium
919 1106 1079 1156 utitur,
1120 1119 1200 1145 nec
1237 1107 1342 1146 satis
1379 1120 1569 1147 errorem
1603 1105 1797 1147 Orellius

349 1187 518 1227 vitavit.
581 1184 726 1240 Atque
757 1184 839 1225 hoc
867 1183 1186 1224 incommodum
1216 1185 1262 1223 in
1293 1181 1392 1224 aliis
1410 1183 1691 1225 orationibus
1718 1185 1797 1226 mi·

346 1277 428 1304 nus
461 1263 511 1303 fit
541 1270 717 1318 propter
760 1261 872 1301 alios
919 1261 1088 1301 codices
1118 1259 1374 1314 diligentius
1417 1275 1443 1300 a
1484 1260 1798 1302 recentioribus

348 1340 557 1391 collatos,
596 1341 643 1380 in
677 1338 776 1379 aliis
810 1346 875 1379 est
909 1339 1231 1393 gravissimum.
1318 1337 1472 1393 Itaque
1516 1338 1589 1380 vel
1621 1347 1797 1395 propter

347 1418 459 1459 hanc
498 1431 673 1459 causam
714 1416 852 1457 codex
890 1415 1167 1457 bibliothecae
1206 1417 1340 1472 regiae
1369 1416 1638 1458 Hauniensis
1672 1417 1799 1459 char-

315 1491 318 1492 ⁷
350 1506 515 1547 tacens,
557 1509 734 1546 recens,
776 1494 956 1535 Italicus
989 1497 1178 1548 (emptus
1211 1502 1277 1534 est
1308 1493 1511 1535 Venetiis
1542 1497 1697 1547 1699),
1738 1510 1798 1537 ex

348 1589 509 1632 genere
548 1574 744 1614 codicum
786 1587 871 1613 non
911 1573 1317 1628 integerrimorum,
1359 1587 1440 1613 nec
1478 1581 1621 1613 tamen
1660 1575 1798 1628 pessi-

349 1667 462 1705 mus,
494 1652 684 1708 aliquam
714 1651 946 1692 utilitatem
980 1649 1126 1691 attulit
1153 1651 1199 1690 in
1229 1652 1283 1691 iis
1316 1650 1440 1702 locis,
1470 1649 1560 1702 ubi,
1594 1651 1695 1706 quid
1728 1633 1799 1692 co-

348 1733 465 1773 dices
494 1729 731 1783 haberent,
769 1729 1000 1771 obscurum
1030 1737 1147 1780 erat,
1197 1737 1288 1770 tum
1329 1730 1374 1770 in
1415 1730 1470 1769 iis
1515 1728 1799 1781 orationibus,

348 1810 425 1852 ubi
455 1809 660 1873 meliores
685 1809 854 1850 codices
881 1823 967 1849 non
992 1809 1055 1849 ita
1082 1806 1360 1864 praestabant,
1390 1815 1437 1848 ut
1459 1821 1545 1847 non
1567 1807 1799 1862 aliquando

347 1890 626 1930 vincerentur
665 1903 690 1929 a
722 1886 1036 1938 deterioribus,
1075 1894 1123 1926 ut
1153 1887 1198 1926 in
1229 1885 1535 1933 Deiotariana3
1583 1885 1798 1926 interdum

350 1981 446 2008 cum
480 1967 643 2021 optimo
675 1965 822 2021 aliquo
853 1966 1134 2019 conspirans,
1177 1978 1308 2019 quum
1352 1964 1404 2004 de
1446 1965 1602 2004 ceteris
1636 1972 1799 2008 tacere-

348 2055 432 2098 tur,
454 2059 712 2087 consensum
724 2045 931 2094 omnium,
958 2051 1073 2084 certe
1085 2042 1384 2098 plurimorum,
1409 2042 1638 2097 patefecit3
1677 2040 1800 2083 velut

348 2127 394 2166 in
433 2132 539 2166 orat.
577 2123 630 2164 de
670 2124 772 2178 imp.
806 2122 956 2177 Pomp.
986 2123 1062 2171 13,
1108 2122 1165 2161 39
1205 2135 1336 2175 quum
1370 2123 1660 2174 pervenerint
1695 2121 1800 2160 scri-

347 2210 469 2258 ptum
503 2202 559 2240 sit
578 2203 624 2241 in
652 2201 745 2241 cod.
768 2201 1025 2248 Erfurtensi,
1055 2198 1314 2249 Hauniensi,
1345 2198 1693 2253 editionibusque
1725 2211 1799 2238 ve-

350 2278 531 2329 teribus,
561 2285 723 2318 certum
751 2275 842 2317 fere
869 2283 950 2325 est,
971 2281 1281 2328 pervenerant,
1313 2289 1457 2315 errore
1487 2277 1531 2315 in
1564 2274 1798 2316 editionem

352 2357 541 2413 aliquam
566 2354 737 2396 illatum
763 2362 804 2394 et
826 2353 878 2394 ad
894 2352 1003 2393 alias
1016 2361 1318 2408 propagatum,
1345 2353 1388 2393 in
1404 2351 1523 2393 nullo
1542 2361 1615 2393 aut
1627 2361 1743 2394 certe
1754 2354 1799 2394 in

348 2436 578 2493 perpaucis
608 2432 828 2475 codicibus
865 2445 974 2472 esse.
1050 2429 1254 2472 Continet
1287 2432 1428 2472 codex
1474 2432 1692 2472 orationes
1721 2444 1798 2487 pro

351 2514 452 2570 lege
482 2512 618 2564 Man„
658 2527 700 2567 p.
736 2509 918 2562 Milone,
947 2525 990 2565 p.
1023 2509 1184 2560 Planc„
1223 2525 1265 2565 p.
1302 2509 1442 2560 Sulla,
1475 2525 1517 2565 p.
1551 2509 1699 2560 Arch„
1744 2509 1798 2550 ad

353 2591 477 2642 Quir.
509 2599 552 2632 et
581 2593 623 2631 in
655 2605 745 2631 sen.
775 2605 816 2645 p.
837 2589 943 2640 red„
973 2603 1051 2644 pro
1077 2587 1306 2640 Marcello,
1335 2603 1376 2644 p.
1395 2588 1560 2644 Ligar.,
1586 2603 1628 2642 p.
1651 2586 1796 2628 Deiot.

354 2668 636 2726 Significatur
664 2669 880 2722 literaIH’.
958 2667 1126 2709 Similis
1159 2681 1264 2708 usus
1296 2667 1378 2707 suit
1411 2661 1612 2707 editionis
1639 2664 1798 2706 Adami

353 2749 407 2791 de
438 2748 690 2806 Ambergau
734 2763 772 2790 a.
804 2749 913 2788 1472
954 2755 996 2788 et
1024 2746 1182 2788 Venet.
1215 2746 1347 2796 148⁰,
1392 2758 1485 2800 quae
1528 2751 1571 2785 et
1607 2742 1713 2784 alibi
1755 2750 1798 2785 et

353 2829 546 2870 maxime
575 2830 619 2870 ln
651 2826 919 2870 Catilinariis
956 2824 1316 2882 interpolationes
1356 2821 1657 2881 Naugerianas
1689 2821 1796 2866 alio-
