1981 3390
1484 254 1575 302 291

206 379 399 421 colonias
435 376 687 420 Gracchano
716 386 862 423 more,
894 374 955 413 ita
984 380 1030 412 ut
1060 372 1156 427 agri
1186 378 1349 411 tantum
1385 370 1502 426 plebi
1536 374 1648 414 divi-

203 457 333 498 dendi
372 458 482 496 ratio
513 452 768 501 haberetur,
811 449 1023 490 deducere
1066 448 1236 503 quidam
1268 456 1421 503 postea
1453 457 1648 489 tentave-

203 542 325 584 runt,
369 541 414 571 ut
457 529 648 584 Capuam
690 527 753 569 M.
796 525 955 568 Brutus
998 528 1163 566 incerto
1206 534 1399 580 tempore
1444 523 1555 575 (Cic.
1594 526 1646 565 de

202 610 289 666 leg.
324 621 465 663 agrar.
499 605 565 656 ll,
606 607 685 656 34,
719 607 793 656 92>
824 614 865 644 et
899 613 1049 660 postea
1079 602 1188 643 alias
1222 601 1368 657 plures
1398 602 1447 643 P.
1477 601 1644 651 Rullus,

200 687 323 727 cuius
356 684 446 739 legi
491 685 649 724 restitit
687 682 840 723 Cicero
876 681 1041 722 consul.
1114 679 1162 721 C.
1194 679 1338 721 Caesar
1371 678 1521 720 consul
1552 693 1648 732 per·

199 765 321 814 vicit,
354 770 400 802 ut
428 761 674 816 Campanus
705 775 811 815 ager
839 759 921 800 hoc
951 759 1077 799 modo
1099 759 1367 799 divideretur
1391 755 1644 811 coloniaque

199 840 263 882 ibi
293 841 641 889 constitueretur,
671 839 938 891 deductaque
958 845 1057 876 sunt
1080 837 1237 890 viginti
1260 835 1479 875 hominum
1509 832 1647 874 millia

200 931 260 958 ex
288 919 367 968 iis,
400 919 471 971 qni
503 925 588 957 tres
617 914 778 956 liberos
810 912 1050 963 habebant,
1079 912 1206 963 (vid.
1236 911 1349 966 App.
1382 909 1431 950 B.
1464 909 1559 950 Civ.
1588 908 1646 959 ΙΙ,

201 997 281 1044 10,
312 993 431 1036 Vell.
465 993 526 1043 ΙΙ,
566 995 645 1040 44,
680 993 801 1033 Suet.
832 988 943 1029 Caes.
972 990 1053 1038 20,
1084 987 1214 1043 Dion.
1242 985 1364 1026 Cass.
1396 985 1473 1027 lib.
1503 987 1574 1035 38,
1603 987 1647 1034 7,

198 1071 394 1112 frontin.
419 1070 471 1110 de
493 1068 652 1117 colon.)
678 1076 721 1108 et
753 1081 858 1122 ager
889 1080 915 1106 a
940 1065 1207 1120 vigintiviris
1239 1065 1488 1118 assignatus
1512 1062 1647 1113 (Plin.

198 1145 256 1187 H.
287 1146 342 1188 N.
379 1145 490 1195 Vll,
522 1147 604 1194 53,
638 1145 816 1186 Sueton.
847 1141 966 1198 Aug.⁴
995 1145 1046 1193 4,
1081 1140 1171 1182 Cic.
1199 1141 1309 1195 Epp.
1341 1140 1393 1181 ad
1423 1141 1556 1181 Attic.
1587 1138 1644 1190 Π,

196 1225 225 1263 6
262 1232 304 1263 et
345 1222 484 1275 alibi).
553 1222 640 1263 Sed
680 1221 771 1262 haec
817 1228 882 1261 est
922 1219 1016 1260 sola
1054 1219 1181 1259 huius
1224 1219 1397 1273 generis
1439 1225 1481 1258 et
1518 1216 1644 1272 plane

197 1300 546 1340 extraordinaria
576 1298 750 1353 largitio
772 1299 826 1351 ¹).
887 1297 1293 1337 Extraordinarium
1315 1308 1500 1349 quoque,
1534 1294 1646 1348 quod

197 1376 309 1416 idem
352 1377 395 1416 in
441 1375 587 1415 Gallia
629 1374 940 1430 Transpadana
980 1372 1153 1414 Novum
1202 1370 1384 1412 Comum
1431 1370 1644 1411 coloniam

195 1452 397 1493 Latinam
423 1452 522 1507 lege
544 1452 722 1492 Vatinia
741 1455 797 1502 (a.
814 1453 888 1501 59)
906 1451 1094 1492 condidit
1111 1449 1253 1490 media
1269 1448 1452 1504 quadam
1475 1449 1643 1488 ratione

195 1530 310 1569 inter
341 1530 559 1583 antiquam
595 1537 636 1568 et
667 1528 864 1583 Pompeii
902 1527 1152 1574 Strabonis;
1196 1540 1296 1566 nam
1329 1539 1432 1566 vere
1471 1526 1644 1566 deducti

197 1605 339 1645 coloni
384 1614 509 1655 sunt,
552 1605 627 1645 sed
673 1619 758 1645 non
800 1605 884 1646 soli
913 1605 1060 1646 Latini
1092 1604 1197 1655 (etsi
1225 1603 1409 1643 fortasse
1450 1601 1642 1656 plurimi,

196 1681 513 1738 Transpadani)
533 1696 611 1722 nec
630 1684 762 1732 cives,
782 1683 858 1723 sed
877 1681 999 1722 multi
1021 1681 1240 1737 peregrini
1259 1681 1317 1729 2).
1379 1679 1463 1719 Pro
1485 1679 1640 1719 veteri-

193 1757 274 1799 bus
291 1760 423 1814 igitur
440 1760 598 1800 civium
627 1759 810 1800 coloniis
834 1768 936 1800 ortae
959 1767 1058 1799 sunt
1080 1757 1269 1813 solaeque
1298 1758 1343 1797 in
1366 1770 1448 1797 usu
1472 1769 1639 1797 manse-

194 1844 295 1876 runt
323 1835 547 1885 militares,
587 1835 813 1886 militibus,
847 1850 1027 1890 quorum
1060 1837 1239 1879 emerita
1265 1833 1480 1888 stipendia
1504 1841 1641 1881 erant,

191 1912 237 1952 in
272 1927 425 1973 agros,
467 1926 574 1967 quos
621 1913 784 1966 praemii
830 1913 1124 1967 mercedisque
1156 1911 1252 1952 loco
1297 1909 1532 1959 haberent,
1568 1909 1641 1949 de-

193 1989 347 2040 ductis,
387 1991 508 2030 cuius
540 1991 600 2029 rei
629 1991 815 2041 primum
843 1988 1093 2043 exemplum
1122 1987 1288 2029 Sullam
1311 1987 1508 2036 dedisse,
1541 1998 1641 2025 con-

285 2126 405 2168 quitus
431 2126 580 2158 donatos
617 2125 684 2166 (Η.
712 2124 755 2158 Ν.
781 2124 856 2165 111,
882 2123 927 2165 3,
963 2125 1006 2166 ⁴1,
1042 2125 1116 2166 ΠΙ,
1151 2124 1195 2164 3,
1220 2123 1262 2166 7)
1288 2122 1384 2167 quod
1411 2132 1530 2166 nuper
1554 2119 1637 2154 uni-

286 2197 394 2219 versa
420 2184 603 2229 Hispania
629 2194 649 2218 a
678 2185 902 2229 Vespasiano
928 2185 1035 2218 Latio
1063 2186 1200 2218 donata
1232 2187 1324 2216 erat.
1353 2182 1446 2225 (111,
1477 2180 1500 2214 3
1525 2181 1638 2223 extr.)

220 2248 256 2290 ¹)
285 2246 468 2287 Velleius,
491 2244 679 2289 Eporedia
698 2249 1012 2286 commemorata,
1041 2244 1118 2278 Nec
1129 2244 1269 2286 facile,
1299 2242 1437 2286 inquit,
1462 2240 1640 2273 memorz‘ae

285 2306 553 2346 mamlaverim,
584 2316 682 2348 quoe,
717 2306 790 2338 nisi
812 2306 1005 2345 militaris,
1028 2310 1115 2349 post
1140 2305 1207 2338 hoc
1232 2309 1372 2347 tempus
1395 2302 1552 2335 deducta
1577 2301 1635 2333 sit.

285 2366 434 2399 Oblitus
462 2364 578 2410 igitur
613 2365 746 2409 Capuae
781 2365 928 2399 videtur
966 2370 1030 2400 aut
1065 2377 1148 2400 eam
1178 2376 1250 2399 non
1277 2374 1345 2408 pro
1370 2372 1468 2395 nova
1493 2359 1641 2394 colonia

283 2425 506 2459 numeravit.

218 2486 258 2529 ²)
283 2485 422 2520 Parum
449 2485 651 2531 diligenter
676 2484 878 2520 Suetonius
905 2485 1009 2529 (Caes.
1034 2484 1099 2528 28,
1133 2497 1176 2519 ex
1203 2496 1276 2530 quo
1300 2485 1426 2530 legem
1452 2482 1639 2522 novimus)

281 2546 334 2580 ita
357 2546 505 2586 scribit,
532 2551 709 2590 tanquam
737 2548 870 2581 civitas
898 2547 1039 2581 colonis
1064 2547 1151 2581 data
1174 2546 1240 2588 sit3
1266 2551 1368 2580 recte
1397 2548 1433 2577 et
1458 2543 1640 2587 explicate

280 2606 437 2650 Appiam
477 2607 533 2646 ΙΙ.
570 2606 616 2640 26
649 2607 773 2650 (cuius
809 2608 920 2641 fidem
953 2607 1029 2640 Cis.
1059 2608 1106 2641 ad
1130 2607 1240 2641 Attio.
1266 2608 1310 2648 V,
1344 2604 1387 2639 11
1413 2601 1639 2641 confirmat).

283 2665 482 2698 Civitatem
518 2667 632 2701 etiam
667 2667 804 2701 Strabo
828 2668 892 2710 (V,
928 2667 949 2700 1
977 2679 1011 2711 p.
1037 2667 1105 2701 au
1128 2667 1319 2707 Tauchn.)
1345 2663 1536 2708 appellat,
1575 2660 1640 2693 ubi

285 2725 507 2770 quingentos
534 2727 680 2760 Graecos
708 2728 851 2761 nobiles
879 2727 1083 2771 adscriptos
1108 2732 1257 2767 narrat;
1301 2735 1413 2759 causa
1439 2726 1514 2762 est,
1541 2721 1639 2764 quod

284 2786 412 2830 paucis
435 2786 542 2820 annis
569 2792 648 2829 post
671 2786 952 2831 Transpadanis
977 2786 1107 2821 civitas
1134 2789 1306 2820 Romana
1335 2796 1357 2817 ιι
1382 2784 1525 2816 Οωειιιο
1552 2781 1640 2813 datn

282 2850 347 2878 est.
387 2845 602 2880 Gran-orum
628 2847 781 2881 illorum
807 2857 900 2881 unus
914 2846 1129 2881 nominatur
1146 2857 1167 2880 n
1184 2845 1258 2879 Cic.
1276 2844 1321 2878 ad
1344 2844 1448 2878 Fam.
1465 2841 1566 2880 xm,
1582 2839 1637 2873 35.

1303 2912 1370 2944 19*
