1981 3390
457 232 557 282 348

383 357 569 408 praelore
610 356 867 404 constituta,
913 367 992 410 pro
1037 368 1113 407 eo,
1143 354 1271 412 ‘quod
1311 363 1376 396 est
1412 354 1525 395 nude
1557 355 1826 396 necessitudo

383 446 457 488 qu.
490 444 581 473 cum
604 438 808 486 praelore‚
839 439 955 472 recte
988 441 1132 473 autem
1161 433 1316 474 dicitur
1339 432 1506 473 adiecta
1538 431 1827 484 appellatione

388 510 570 563 originis
605 516 648 547 et
678 508 961 547 fundamenti.
1017 507 1132 561 Apte
1157 517 1199 548 et
1217 510 1409 564 graviter
1426 509 1632 562 asyndeto
1651 506 1831 548 bimem-

387 584 456 625 bri
491 584 761 632 huiusmodi,
797 582 909 636 quod
939 583 1119 624 eandem
1152 599 1242 624 rem
1275 583 1437 638 duplici
1466 586 1638 624 nomine
1672 585 1831 638 signet,

389 660 602 702 clauditur
637 660 919 698 enumeratio.
976 658 1162 709 Deinde,
1199 660 1310 713 quod
1340 659 1442 700 olim
1474 662 1692 700 mentione
1720 660 1831 699 indi-

389 751 522 791 gnum
561 734 819 783 iudicaram,
857 736 945 774 iam
987 735 1126 775 dicam
1169 733 1390 785 breviter,
1434 736 1546 790 quod
1583 736 1831 789 Zumptium

390 827 560 868 quoque
591 825 692 852 eam
718 825 810 851 rem
843 810 1055 851 fefellisse
1089 810 1240 861 video,
1283 810 1414 851 simul
1454 819 1501 851 ut
1530 825 1720 852 errorem
1752 812 1832 852 ali-

389 904 515 945 quem
554 902 697 930 meum
740 886 971 939 confitear,
1021 889 1066 927 in
1104 887 1217 928 libro
1252 886 1272 926 I
1307 886 1420 927 male
1461 896 1707 941 separatum
1736 901 1832 928 esse

389 974 517 1018 caput
544 965 600 1006 45
633 979 659 1004 a
696 964 981 1016 praecedenti,
1025 966 1086 1004 ita
1127 971 1174 1003 ut
1214 965 1426 1018 superiori
1469 964 1749 1018 disputationi
1780 964 1833 1004 de

389 1044 528 1094 capite
565 1041 695 1080 edicti
723 1040 875 1081 Verris
909 1041 964 1080 ad
999 1040 1143 1095 legem
1173 1040 1416 1081 Voconiam
1447 1042 1705 1092 pertinenti,
1739 1053 1832 1094 quae

388 1117 507 1160 finiri
539 1116 666 1158 debet
707 1118 968 1171 gravissimo
1009 1116 1087 1156 illo
1123 1116 1476 1171 epiphonemate:
1523 1116 1621 1156 Hoc
1651 1117 1835 1170 populns

389 1196 611 1236 Romanus
662 1206 748 1233 non
788 1207 917 1233 manu
959 1193 1248 1243 vindicasset,
1304 1197 1398 1232 m‘sz'
1434 1199 1477 1233 te
1514 1191 1614 1233 kuic
1656 1197 1840 1246 tempori

389 1277 518 1326 alque
552 1269 654 1310 huic
685 1270 849 1310 iudicio
883 1270 1178 1309 reservasset?
1226 1277 1274 1308 ut
1303 1270 1372 1319 ei,
1403 1270 1602 1322 inquam,
1635 1269 1836 1310 adnecta-

389 1356 458 1388 tur
495 1346 705 1400 languida
745 1354 788 1386 et
835 1345 977 1386 subito
1019 1345 1202 1400 abrupta
1242 1345 1551 1386 demonstratio
1593 1347 1836 1400 iniquitatis

386 1423 542 1465 'Verris
568 1424 613 1462 in
640 1423 733 1463 iure
767 1422 984 1463 mutando.
1047 1422 1114 1463 Ac
1147 1430 1289 1462 tamen
1322 1421 1414 1462 haec
1441 1423 1537 1475 ipsa
1568 1430 1657 1462 tota
1686 1423 1835 1476 inepta

357 1508 360 1510 ’
390 1508 470 1541 est.
533 1498 647 1548 Quid
666 1500 779 1539 enim
800 1499 851 1539 ad
869 1498 993 1549 illud,
1024 1500 1137 1554 quod
1167 1500 1399 1553 pra—cessit,
1432 1499 1592 1538 crimen
1626 1499 1679 1538 de
1700 1499 1836 1539 Annii

389 1575 483 1617 filia
509 1574 780 1630 pertinebat,
806 1589 889 1629 quo
920 1575 1069 1615 ordine
1099 1575 1310 1615 bonorum
1340 1575 1559 1628 possessio
1591 1575 1682 1615 dari
1719 1575 1834 1615 sole-

388 1661 480 1703 ret,
527 1653 565 1691 si
598 1650 754 1691 tabulae
787 1653 1033 1711 testamenti
1065 1665 1151 1691 non
1182 1651 1501 1703 proferrentur,
1534 1665 1662 1705 quum
1699 1652 1835 1693 Annii

390 1737 695 1770 testamentum
738 1726 952 1781 prolatum
1004 1735 1119 1767 esset
1166 1742 1216 1768 ac
1257 1741 1310 1767 ne
1352 1735 1621 1768 everteretur
1663 1729 1834 1783 quidem

389 1809 476 1856 ita,
518 1814 565 1845 ut
609 1805 662 1844 ad
695 1805 1012 1844 successionem
1048 1803 1101 1844 ab
1130 1805 1333 1844 intetasto
1364 1818 1433 1843 res
1465 1803 1650 1854 rediret,
1681 1806 1757 1846 sed
1789 1814 1836 1846 ut

391 1884 444 1923 ad
472 1882 752 1922 hereditatem
788 1888 1029 1930 vocaretur,
1061 1882 1134 1935 qui
1165 1880 1353 1921 secundo
1383 1879 1479 1919 loco
1511 1881 1555 1920 in
1579 1889 1834 1923 testamento

389 1961 572 2011 scriptus
602 1966 720 2008 erat,
752 1956 804 1997 L.
832 1956 1002 1997 Annius
1038 1958 1134 2009 (41,
1166 1957 1280 2010 105).
1343 1953 1519 2004 Contra,
1552 1958 1663 2010 quod
1694 1960 1838 2013 sequi-

390 2045 458 2077 tur
490 2037 649 2076 crimen
681 2034 733 2074 de
767 2033 1005 2074 hereditate
1037 2031 1248 2083 Minucii,
1291 2040 1407 2073 caret
1437 2034 1711 2084 expositione
1743 2036 1837 2076 eius

390 2113 543 2166 capitis
574 2111 729 2161 edicti,
772 2111 885 2165 quod
915 2118 1013 2149 ante
1047 2099 1225 2159 fuisset,
1261 2124 1319 2149 ex
1365 2123 1448 2163 quc
1478 2111 1599 2164 genti
1629 2108 1834 2152 Minuciae

390 2189 599 2230 bonorum
634 2188 853 2241 possessio
887 2187 979 2226 dari
1010 2186 1199 2226 deberet.
1278 2186 1342 2226 Ea
1371 2185 1436 2225 his
1465 2187 1571 2238 ipsis
1601 2185 1745 2227 verbis
1774 2189 1836 2229 ita

391 2266 660 2313 continetur,
691 2272 760 2313 ut,
788 2271 1016 2317 postquam
1051 2263 1211 2303 dictum-
1241 2271 1320 2313 est,
1353 2277 1436 2316 quo
1469 2263 1563 2302 iure
1592 2265 1836 2315 superiores

391 2349 596 2396 praetores
629 2340 696 2377 usi
731 2341 839 2388 sint,
872 2339 999 2390 idque
1034 2353 1201 2391 aequum
1237 2353 1358 2387 csse,
1393 2339 1638 2377 excitentur
1671 2339 1835 2381 iudices

393 2418 659 2471 (cognoscite
699 2413 880 2455 hominis
909 2412 1023 2463 etc.)
1072 2413 1126 2452 ad
1175 2412 1518 2466 cognoscendam
1557 2412 1684 2455 huius
1730 2417 1837 2457 iuris

390 2492 759 2549 perturbationem
802 2490 954 2531 Verris
994 2489 1134 2529 edicto
1178 2489 1350 2530 factam.
1427 2488 1519 2530 Iam
1561 2490 1836 2546 intelligitur,

392 2587 444 2612 ea
484 2569 641 2618 verba,
689 2580 782 2621 quae
813 2574 911 2618 post
941 2565 1231 2606 Hotomanum
1270 2567 1403 2607 ceteri
1446 2565 1726 2618 deleverunt,
1767 2583 1835 2610 me

393 2661 577 2702 quoque,
610 2644 722 2699 quod
752 2643 913 2684 nollem
942 2642 1116 2692 sactum,
1146 2642 1354 2695 probante
1385 2643 1564 2695 (disput.
1593 2644 1645 2684 de
1674 2644 1835 2686 Ascon-

392 2740 433 2777 p.
466 2725 548 2764 103
581 2723 701 2773 not.),
745 2720 971 2775 Zumptius
1012 2728 1154 2760 nutem
1199 2721 1258 2760 ita
1294 2721 1507 2770 restituit,
1546 2721 1836 2763 uti-ationem

395 2810 537 2844 tamen
553 2799 709 2843 falsam
725 2797 938 2848 redderet,
967 2800 1007 2839 ει·
1033 2801 1068 2839 ιέ
1098 2781 1302 2840 intestato
1335 2802 1522 2839 mortuus
1555 2802 1678 2847 esset,
1708 2811 1834 2853 quam
