1981 3390
1452 199 1518 248 97

141 309 334 362 lebatur,
365 313 447 353 nisi
477 323 646 353 omnem
683 312 744 352 rei
777 312 957 352 scenicae
991 311 1239 355 historicam
1276 329 1580 361 commemora-

140 389 300 429 tionem
333 388 386 429 ab
423 389 545 430 Attio
584 387 788 429 amolitus
832 397 974 440 esset,
1019 391 1129 445 apud
1166 390 1281 432 Gell.
1314 393 1403 444 ΙΙΙ,
1447 396 1476 435 3
1515 396 1579 437 bis

137 466 258 506 Ateii
289 479 444 506 nomen
476 467 672 521 reponit,
703 474 803 506 ante
837 468 982 508 omnia
1011 482 1114 509 vero
1145 470 1188 510 in
1206 467 1428 511 Ciceronis
1446 469 1579 513 Bruto

136 542 165 583 l.
193 558 230 584 c.
256 541 458 583 ‘Alterius
491 551 635 584 autem
654 541 776 584 Bruti
807 543 891 584 loci
925 548 1039 600 (cap.
1067 548 1137 598 64)
1171 546 1300 602 plane
1320 556 1384 589 est
1401 547 1578 599 oblitus,

137 622 224 675 qui,
257 619 370 675 quod
391 619 523 661 nullis
547 621 757 662 machinis
786 619 901 662 effici
920 631 1079 676 potest,
1111 626 1213 680 quin
1240 624 1300 666 ibi
1328 625 1380 666 L.
1408 625 1578 667 Attium

134 706 308 752 poetam
346 697 399 738 de
432 712 562 739 scena
594 697 924 754 fabularumque
958 702 1126 742 actione
1156 704 1316 759 scripto
1350 704 1579 745 tradidisse

136 776 385 826 videamus,
420 784 553 817 totam
587 775 708 817 illam
738 777 1073 832 disputationem
1102 782 1273 821 evertit.
1333 781 1419 823 Sed
1448 796 1578 836 quum

135 852 277 893 Varro
309 853 378 907 (de
410 852 461 893 L.
492 853 544 893 L.
575 852 617 894 V
647 868 688 907 p.
709 856 790 893 100
811 855 887 908 Sp.
909 853 975 895 IV
999 869 1040 908 p.
1063 857 1119 895 28
1141 855 1255 910 Bip.)
1317 857 1485 898 Attium
1517 861 1578 899 ita

134 938 464 979 commemoret,
506 938 554 969 ut
591 929 858 983 tragoediam
897 932 1114 986 respicere
1146 946 1233 972 non
1270 933 1483 984 videatur,
1517 935 1575 974 ibi

134 1020 304 1061 quoque
351 1006 508 1047 Ateius
554 1004 795 1048 subiicitur.
885 1008 972 1049 Sed
1014 1010 1291 1050 nominantur
1334 1011 1445 1066 apud
1485 1010 1575 1052 No-

134 1084 251 1124 nium
288 1085 349 1138 (p.
390 1085 444 1123 61
484 1083 536 1124 de
581 1098 703 1139 prop.
746 1098 933 1126 sermon.
973 1099 1008 1126 s.
1044 1101 1096 1143 kv.
1133 1090 1298 1140 porcoe)
1328 1087 1440 1129 Attii
1473 1089 1574 1130 Par-

133 1175 269 1215 ergon
308 1159 434 1210 libri,
479 1161 592 1216 apud
626 1160 819 1203 Gellium
850 1162 989 1219 (XX,
1024 1161 1070 1218 3)
1105 1172 1148 1204 et
1178 1163 1365 1205 Nonium
1401 1164 1462 1221 (p.
1495 1167 1576 1207 150

133 1239 186 1279 de
220 1237 321 1278 hon.
355 1246 396 1278 et
427 1252 494 1278 no.
526 1246 613 1279 vet.
648 1240 748 1280 dict.
771 1254 805 1280 s.
831 1255 872 1280 v.
902 1254 1109 1294 perperos
1140 1249 1182 1282 et
1212 1257 1253 1296 p.
1276 1244 1357 1283 156
1389 1243 1440 1284 de
1474 1244 1574 1284 hon.

135 1324 178 1356 et
211 1330 280 1356 no.
310 1323 397 1356 vet.
427 1315 526 1356 dict.
559 1329 594 1356 s.
628 1331 668 1357 v.
691 1317 1031 1371 ponderantem)
1064 1317 1394 1374 Pragmaticon,
1440 1328 1482 1361 et
1515 1335 1571 1361 ex

133 1392 201 1433 his
235 1393 403 1448 quidem
437 1394 700 1445 afferuntur,
741 1409 833 1450 quae
863 1395 916 1435 ad
944 1409 1115 1436 scenam
1148 1397 1366 1450 pertinere
1400 1398 1574 1438 videan-

130 1479 213 1510 tur.
268 1468 485 1511 Praeterea
514 1471 695 1511 eundem
731 1470 885 1512 horum
918 1485 1014 1512 esse
1053 1480 1097 1512 et
1137 1472 1428 1514 didascalicon
1470 1476 1573 1515 scri-

130 1555 297 1602 ptorem
343 1545 514 1588 Gellius
563 1550 606 1588 in
645 1547 766 1603 praef.
798 1547 1045 1604 significat,
1087 1551 1184 1605 qui,
1230 1551 1282 1591 de
1312 1550 1574 1602 nominibus,

131 1623 287 1680 quihus
317 1634 514 1666 auctores
545 1625 754 1667 librorum
788 1626 840 1666 ad
871 1626 1158 1668 eruditionem
1189 1630 1474 1683 spectantium
1507 1630 1573 1669 usi

132 1710 292 1753 essent,
322 1701 519 1757 loquens,
550 1709 627 1754 est,
657 1705 810 1759 inquit,
843 1708 919 1758 qui
945 1701 1322 1760 πραγματικιὶ
1360 1711 1404 1746 et
1438 1699 1573 1761 πάρ-

133 1794 266 1836 εργα
300 1785 345 1820 et
375 1777 757 1824 διδασκαλικιὶ
792 1781 1117 1836 (inscripserit).
1189 1782 1339 1838 ltaque
1372 1784 1500 1824 etiam
1527 1783 1570 1823 hi

131 1856 263 1898 Ateio
291 1857 471 1909 dantur,
511 1857 604 1909 bis,
646 1859 758 1914 quod
789 1873 965 1900 monere
1002 1859 1163 1900 oblitus
1196 1855 1286 1911 est,
1327 1860 1439 1915 apud
1470 1859 1572 1900 Gel-

132 1933 239 1975 lium
261 1941 406 1989 poeloe
435 1932 726 1990 appellatione
760 1938 911 1976 eiecta.
968 1936 1016 1976 In
1049 1951 1133 1991 quo
1162 1937 1293 1991 paulo
1326 1944 1422 1991 post
1444 1951 1572 1990 appa-

134 2009 271 2059 rebit,
304 2025 433 2065 quum
461 2015 788 2066 grammaticum
825 2026 962 2066 prosae
997 2014 1205 2053 orationis
1235 2007 1404 2067 scriptis
1436 2013 1573 2054 ditare

133 2087 292 2137 vellet,
325 2094 495 2142 poetam
529 2087 659 2129 simul
688 2089 903 2129 effecisse.
974 2089 1089 2130 Satis
1130 2089 1211 2130 hoc
1249 2098 1314 2130 est
1354 2103 1460 2130 sane
1493 2091 1572 2131 cri-

133 2167 208 2206 tici
240 2164 490 2206 moliminis.
551 2164 714 2206 Mirum
754 2174 820 2206 est
848 2174 1017 2217 tamen,
1059 2181 1143 2207 non
1180 2168 1349 2207 venisse
1380 2169 1425 2208 in
1455 2182 1572 2208 men-

132 2250 219 2282 tem
262 2255 477 2296 quaerere,
521 2242 622 2296 quid
663 2251 778 2283 esset
815 2256 984 2292 causae,
1027 2258 1101 2284 cur
1141 2245 1186 2284 in
1226 2243 1293 2284 his
1332 2243 1456 2286 libris
1485 2253 1573 2286 tam

130 2320 409 2374 pertinaciter
433 2317 600 2359 librarii
617 2319 737 2360 Ateii
756 2335 912 2361 nomen
938 2322 983 2360 in
1007 2320 1116 2361 Attii
1135 2330 1396 2373 mutassent,
1428 2338 1573 2378 quum,

135 2395 209 2436 ubi
240 2398 487 2452 ceteroquin
517 2396 636 2438 Ateii
679 2411 834 2438 nomen
869 2400 1095 2448 citaretur,
1145 2398 1313 2440 Attium
1345 2414 1431 2441 non
1474 2399 1573 2441 sub-

135 2475 390 2514 stituissent.
461 2467 547 2516 Sed
579 2474 631 2515 de
672 2474 754 2516 hoc
798 2477 892 2530 ipso
933 2475 1062 2516 Ateio
1096 2478 1281 2531 priunum
1326 2478 1572 2526 videamu83

60 2596 68 2602 N
133 2552 206 2606 qui
236 2550 290 2591 ob
323 2549 461 2592 solam
495 2554 681 2593 nominis
714 2553 1039 2594 similitudinem
1073 2553 1237 2594 electus
1268 2563 1348 2605 est,
1381 2565 1425 2595 ut
1452 2555 1572 2596 Attio

133 2622 406 2677 succederet;
448 2642 587 2685 neque
620 2631 734 2670 enim
770 2639 895 2672 extra
926 2631 1037 2672 han-c
1069 2635 1405 2674 controversiam
1437 2632 1573 2672 ullum

134 2713 200 2745 est
226 2707 484 2761 vestigium,
516 2707 626 2761 quod
648 2722 744 2749 eum
763 2707 923 2749 similia
939 2718 1192 2765 argumenta
1217 2711 1411 2764 attigisse
1431 2719 1572 2748 osten-

133 2781 221 2822 dat.
287 2782 330 2824 Is
373 2786 681 2839 grammaticus
723 2785 953 2827 libertinus
994 2801 1079 2827 non
1129 2787 1354 2828 admodum
1404 2785 1572 2827 celeber

1292 2867 1313 2897 7
