1981 3390
438 229 537 280 456

371 348 535 389 iudicio
557 352 607 389 ut
625 347 811 402 ede’cto),·
847 362 944 389 nam
978 361 1116 404 neque
1145 349 1459 391 coniunctionis
1492 351 1695 392 iterandae
1725 350 1817 393 uua

373 434 465 466 erat
498 440 654 476 causa,
697 440 826 481 quum
859 426 954 467 sola
992 425 1130 466 verba
1158 427 1223 466 rei
1256 427 1559 481 indignitatem
1590 429 1819 470 ostenden-

373 504 434 544 tia
463 505 759 554 variarentur,
804 517 882 543 nec
915 517 967 542 ea
1001 503 1243 543 coniunctio
1276 503 1351 545 illo
1380 504 1475 545 loco
1503 508 1606 560 poni
1636 513 1819 562 poterat,

374 579 448 621 ubi
467 581 838 621 coacervationem
865 577 1042 619 illorum
1059 577 1289 620 verborum
1306 583 1593 637 interrumpit.
1653 583 1820 639 Aperta

375 665 441 698 est
471 671 600 697 causa
632 656 786 697 additae
826 657 871 695 in
914 655 1059 696 codice
1100 654 1329 709 archetypo
1371 658 1617 710 particulae,
1659 661 1704 700 in
1736 675 1820 715 qua

374 735 520 774 nescio
549 747 624 773 cur
655 734 739 773 viri
771 732 884 773 docti
907 740 994 773 tam
1025 730 1224 786 religiosi
1255 734 1355 782 sint,
1382 747 1511 787 quum
1541 735 1667 776 initio
1691 735 1820 777 huius

376 811 529 866 capitis
560 812 792 864 repetitum
823 824 848 850 a
878 808 1057 850 librario
1088 822 1169 863 quo
1202 817 1318 850 recte
1349 809 1604 851 deleverint.

495 886 544 928 C.
584 889 661 938 13,
703 888 756 927 31
798 887 938 927 codex
977 886 1122 928 Vatic.
1171 900 1267 927 cum
1312 874 1576 940 reliquorum
1628 887 1822 929 codicum

376 965 518 1017 (Palu,
546 962 730 1012 Bernn.,
771 962 969 1016 Oxonn.)
1011 962 1240 1016 archetypo
1270 964 1542 1004 consentiens
1573 966 1689 1020 cogit
1719 966 1825 1006 scri-

376 1042 501 1082 bere:
536 1041 644 1096 qaid
669 1039 761 1081 hoec
793 1053 886 1080 mea
916 1043 1055 1080 oratio
1084 1045 1171 1080 tam
1203 1040 1333 1093 longa
1363 1046 1442 1080 aut
1468 1046 1554 1081 tam
1585 1042 1675 1081 alle
1699 1054 1821 1095 repe-

377 1121 461 1158 teta
502 1118 630 1167 velit,
669 1130 746 1170 pro
790 1131 866 1166 eo,
905 1116 1018 1170 quod
1055 1115 1303 1170 Hervagius
1335 1119 1499 1171 primus
1537 1118 1696 1168 edidit,
1736 1123 1823 1158 tam

378 1196 509 1250 longa
535 1209 587 1235 ac
602 1200 687 1235 tam
709 1195 820 1242 alle;
856 1208 934 1234 nec
951 1192 1029 1233 illa
1048 1194 1260 1246 scriptura
1278 1195 1443 1234 ratione
1465 1202 1595 1234 caret.
1660 1193 1823 1243 Quem-

378 1273 607 1313 admodum
641 1272 755 1311 enim
796 1272 838 1310 in
879 1271 1097 1324 negativis
1138 1271 1364 1311 sententiis
1405 1269 1552 1310 Latini
1591 1283 1706 1325 saepe
1734 1271 1824 1312 dis-

376 1351 587 1404 iungunt,
622 1361 714 1403 quae
750 1347 874 1388 nobis
907 1347 1208 1402 coniungenda
1237 1347 1516 1398 videntur-1),
1549 1348 1611 1387 sic
1640 1347 1754 1388 idem
1778 1348 1824 1388 in

379 1427 605 1467 sententiis
648 1426 974 1480 interrogativis
1005 1425 1058 1465 ad
1093 1426 1367 1480 negationem
1408 1423 1717 1465 inclinantibus
1750 1432 1825 1466 aut

378 1502 739 1558 improbationem
783 1501 1131 1557 significantibus
1170 1501 1267 1542 fieri
1311 1502 1509 1552 videtur,
1555 1501 1629 1542 ubi
1671 1502 1823 1543 distin-

380 1582 456 1635 gui
493 1581 693 1620 notiones
737 1589 852 1620 recte
885 1580 1076 1634 possint3
1117 1593 1196 1619 nec
1225 1580 1362 1619 oratio
1395 1578 1527 1633 longa
1560 1592 1729 1633 semper
1759 1587 1825 1619 est

381 1657 468 1698 alte
494 1659 690 1711 repetita.
751 1656 834 1696 Illo
853 1659 995 1709 priore
1020 1656 1145 1696 modo
1166 1654 1407 1695 defenditur
1434 1650 1543 1695 iu'fra
1565 1657 1686 1705 c.46,
1719 1657 1824 1698 10⁰:

380 1735 511 1776 Hanc
541 1749 618 1789 ego
650 1739 787 1783 viam,
830 1734 1020 1783 iudices,
1062 1737 1103 1773 si
1144 1738 1221 1773 aut
1251 1745 1446 1785 asperam
1486 1738 1614 1786 alque
1645 1732 1824 1773 arduam

381 1818 460 1853 aab
484 1813 656 1866 plenam
683 1825 774 1851 esse
793 1812 1086 1864 periculorum
1119 1815 1214 1849 aut
1242 1809 1496 1848 insidiarum
1518 1821 1681 1863 negem,
1710 1823 1825 1851 men-

382 1893 484 1940 tiar,
517 1889 593 1929 ubi
625 1887 888 1929 Garatonins
919 1902 1002 1927 non
1033 1885 1287 1942 ignorabat,
1320 1886 1411 1926 haec
1438 1886 1647 1942 distingui
1679 1886 1824 1943 aliquo

382 1967 508 2007 inodo
539 1980 690 2021 posse,
726 1965 800 2005 sed
832 1965 928 2005 ideo
957 1970 1084 2018 alque
1110 1962 1383 2018 requirebat,
1424 1963 1536 2017 quod
1570 1964 1611 2003 in
1640 1963 1824 2005 affirma-

380 2045 498 2084 tione
533 2044 778 2084 necessario
813 2043 1048 2082 diceretur:
1086 2042 1220 2094 plena
1245 2047 1310 2081 est
1325 2044 1463 2094 perio.
1491 2046 1620 2095 alque
1644 2041 1827 2082 insidia·

381 2134 486 2160 rum.
566 2121 797 2172 Superiore
831 2133 959 2159 versu
991 2118 1134 2159 Vatic.
1167 2133 1260 2159 cum
1289 2118 1424 2159 Paris.
1453 2117 1640 2173 (Naug.)
1678 2127 1828 2160 contra

380 2196 538 2238 Bernn.
569 2210 624 2237 ae
655 2200 750 2251 quis
779 2201 961 2236 vestrum
979 2194 1122 2244 forle.

502 2273 550 2313 C.
587 2275 654 2323 14,
687 2275 742 2313 32
777 2287 860 2313 non
895 2281 1034 2327 potest
1069 2274 1162 2313 iure
1195 2271 1397 2322 dubitari,
1431 2274 1546 2327 quin,
1577 2286 1707 2327 quum
1738 2285 1828 2314 om-

383 2352 449 2390 nis
480 2351 535 2389 sit
566 2351 705 2390 oratio
734 2349 786 2388 de
820 2351 900 2398 iis,
933 2363 1026 2403 quae
1056 2350 1157 2390 Piso
1183 2352 1227 2389 in
1259 2348 1484 2389 consulatu
1518 2349 1692 2398 feeerit,
1720 2361 1826 2400 prae-

383 2426 671 2480 cessei-itque:
693 2438 906 2478 parumne
933 2430 1008 2472 est,
1043 2425 1158 2478 quod
1186 2430 1350 2464 tantum
1377 2423 1566 2463 homines
1588 2422 1824 2472 fefelli-

382 2506 487 2549 sli,
521 2508 567 2542 al
597 2510 698 2551 etc.,
734 2510 848 2541 recte
884 2500 1118 2540 Lambinus
1148 2514 1331 2554 eumque
1363 2502 1499 2541 secuti
1527 2501 1751 2541 Ernestius
1786 2510 1828 2541 et

385 2578 642 2620 Schuetzius
670 2578 901 2619 ediderint:
935 2581 1120 2618 etiamne
1149 2577 1320 2617 edicere
1351 2577 1554 2627 audebas,
1585 2591 1638 2618 ne
1668 2591 1826 2619 moere-

384 2662 479 2697 rent
508 2655 698 2697 homines
728 2663 832 2706 etc.,
864 2669 942 2710 pio
974 2654 1150 2704 (tudem,
1185 2663 1332 2695 contra
1365 2669 1470 2710 quos
1503 2656 1660 2698 frustra
1692 2654 1826 2697 Gara-

414 2830 450 2869 ¹)
478 2830 568 2863 x'idc
595 2830 728 2874 disput.
756 2829 800 2863 dc
833 2830 933 2863 Verr.
963 2836 1074 2870 supra
1101 2839 1133 2870 p.
1161 2825 1227 2860 314
1254 2830 1328 2861 not.

1946 0 1969 131 μμ*
