1981 3390
419 245 518 296 296

583 363 690 405 Post
720 360 879 403 multas
907 359 1172 402 rebelliones
1203 374 1241 401 a.
1273 360 1356 400 340
1387 358 1492 400 belli
1522 359 1671 400 Latini
1700 373 1800 400 con-

588 449 657 481 tra
695 439 913 480 Romanos
954 439 1170 493 particeps
1201 452 1241 478 a.
1269 439 1352 478 338
1384 438 1626 478 durissimis
1655 436 1802 481 condi-

592 514 788 557 cionibus
819 528 972 569 parere
1005 522 1152 554 coacta
1190 513 1307 565 (Liv.
1341 513 1476 564 VIII,
1514 515 1610 564 14),
1652 521 1805 568 postea

591 606 678 631 non
705 597 1089 640 commemoratur,
1117 591 1209 630 sine
1227 589 1358 630 dubio
1381 591 1492 645 quod
1516 593 1561 631 in
1584 591 1805 631 civitatem

592 668 686 706 sine
717 667 929 719 suffragio
961 673 1136 718 recepta
1167 674 1247 705 est.

495 742 538 781 8.
593 740 786 782 Norba
827 743 873 782 in
916 741 1145 794 Pomptino
1185 740 1361 782 Volscis
1409 740 1593 783 finitima
1636 757 1675 782 a.
1723 743 1808 782 492

592 817 717 871 (Liv.
746 816 804 868 ΙΙ,
836 818 906 867 34,
939 816 1121 870 Dionys.
1144 815 1249 867 VII,
1279 819 1368 867 13),
1399 817 1572 868 Latina,
1601 820 1711 859 inter
1739 820 1808 859 18.

492 895 534 935 8.
591 894 827 935 Antium
857 908 897 934 a.
927 894 1025 942 467,
1066 893 1193 932 initio
1228 894 1322 933 sine
1355 893 1486 933 dubio
1518 893 1686 937 Latina,
1703 895 1810 935 civi·

595 978 662 1011 tas
710 985 736 1011 a
788 970 1021 1019 Romanis,
1072 967 1268 1020 Latinis,
1325 969 1528 1010 Hernicis
1578 971 1812 1011 constituta

596 1048 746 1099 (supra
779 1059 822 1099 p.
854 1047 980 1095 260),
1024 1052 1176 1098 postea
1208 1060 1246 1086 a.
1273 1047 1358 1087 338
1396 1048 1556 1099 civium
1593 1048 1810 1088 maritima

596 1124 657 1175 (p.
688 1123 806 1173 265).

503 1201 545 1239 9.
601 1198 796 1241 Ardea
839 1199 883 1238 in
915 1197 1068 1247 Latio,
1111 1195 1372 1238 Rutulorum
1403 1207 1531 1238 antea
1561 1201 1739 1250 civitaS,
1772 1213 1812 1240 a.

598 1276 682 1315 442
713 1274 829 1327 (Liv.
862 1273 943 1324 IV,
972 1274 1049 1323 11,
1087 1272 1216 1313 Diod.
1249 1273 1335 1314 Sic.
1363 1273 1478 1323 XII,
1510 1274 1609 1327 34),
1639 1274 1814 1327 Latina,

598 1352 714 1391 inter
742 1352 811 1390 12.

472 1427 541 1468 10.
598 1425 818 1468 Lavici
845 1427 891 1466 in
918 1425 1048 1467 Latio
1075 1439 1114 1466 a.
1147 1426 1244 1476 418,
1275 1427 1434 1467 civium
1467 1428 1615 1481 (supra
1641 1441 1682 1480 p.
1698 1424 1815 1482 264).

472 1506 540 1545 11.
598 1504 856 1547 Vitellia
894 1504 940 1544 in
979 1501 1155 1544 Volscis
1196 1501 1380 1543 fortasse
1415 1517 1453 1543 a.
1490 1504 1595 1553 395,
1639 1504 1812 1545 civium.

598 1580 743 1632 <ibd.>.

473 1657 541 1698 12.
601 1654 969 1714 Satrz‘cnm'in
1001 1653 1176 1696 Volscis
1207 1668 1246 1695 a.
1281 1656 1380 1705 384,
1412 1656 1586 1695 civium.
1617 1654 1760 1707 (ibd.).

477 1735 545 1776 13.
605 1731 857 1774 Sutrium
898 1734 944 1772 in
989 1731 1163 1772 Etruria
1209 1746 1247 1772 a.
1287 1733 1371 1770 383
1411 1732 1646 1772 secundum
1694 1731 1816 1773 Vell.

547 1817 551 1822 '
603 1811 720 1864 (post
747 1815 904 1862 septem
934 1822 1082 1857 annos,
1115 1821 1238 1861 qnam
1265 1807 1390 1848 Galla·
1412 1807 1555 1848 urbem
1576 1812 1814 1863 ceperunt),

603 1885 778 1927 secund.
811 1885 941 1926 Diod.
974 1885 1061 1926 Sic.
1100 1883 1231 1934 XIV,
1278 1886 1360 1924 117
1402 1886 1488 1925 iam
1531 1894 1630 1926 ante
1670 1887 1817 1927 incen-

604 1963 722 2003 dium
749 1961 989 2012 Gallicum,
1026 1961 1207 2011 Latina,
1239 1962 1351 2001 inter
1382 1963 1451 2002 12.

488 2041 556 2079 14.
612 2038 834 2093 Nepete
866 2041 910 2078 in
942 2039 1117 2079 Etruria
1153 2052 1191 2078 a.
1224 2039 1307 2078 382
1344 2038 1461 2089 (Liv.
1495 2036 1583 2089 vl,
1624 2039 1704 2087 163
1749 2052 1818 2080 se-

606 2116 733 2159 cund.
768 2115 991 2157 Velleium
1036 2115 1183 2156 decem
1226 2116 1350 2156 annis
1388 2125 1485 2168 post
1525 2116 1736 2165 Sutrium)
1759 2116 1820 2168 ¹),

602 2193 788 2243 Latina,
820 2194 933 2233 inter
962 2194 1030 2233 12.

480 2269 547 2309 15.
607 2268 770 2310 Setia
810 2271 853 2309 in
882 2270 1109 2321 Pomptino
1140 2284 1178 2310 a.
1212 2271 1295 2310 378
1325 2282 1461 2309 novos
1492 2268 1668 2309 colonos
1695 2281 1816 2308 acce-

606 2347 692 2397 pit,
723 2353 831 2385 teste
860 2345 960 2385 Liv.
983 2345 1072 2394 VI,
1104 2348 1180 2393 303
1207 2360 1292 2385 sec.
1323 2344 1442 2386 Vell.
1471 2358 1582 2385 anno
1612 2345 1816 2396 proximo

610 2430 708 2473 post
743 2422 936 2462 Sutrium
966 2421 1171 2470 deductag,
1210 2420 1391 2470 Latina,
1422 2422 1534 2460 inter
1563 2421 1631 2460 12.

483 2499 550 2538 16.
614 2497 780 2537 Cales
810 2499 851 2536 in
885 2496 1120 2550 Campania
1152 2512 1189 2536 a.
1218 2498 1301 2536 336
1331 2497 1448 2546 (Liv.
1478 2496 1602 2548 VIII,
1633 2499 1700 2548 16,
1728 2511 1814 2538 see.

605 2573 724 2616 Vell.
752 2588 790 2614 a.
822 2575 947 2624 334),
978 2573 1158 2622 Latina,
1191 2575 1302 2615 inter
1334 2575 1401 2614 12.
1452 2592 1455 2600 ¹

401 2759 549 2801 ¹311oe
587 2757 696 2791 modo
733 2756 899 2792 velleius
940 2760 1086 2801 tempus
1124 2759 1254 2790 notare
1294 2756 1407 2795 solet,
1455 2766 1537 2791 raro
1573 2766 1664 2792 cosa.
1691 2754 1820 2801 Ροιιίῐς

470 2819 588 2853 multa
614 2818 649 2852 in
677 2817 840 2852 numeris
865 2816 992 2852 scribae
1020 2818 1177 2852 sortasse
1203 2819 1406 2852 mutarunt.
