1981 3390
1414 244 1506 291 163

128 357 339 408 proelium
383 366 468 399 non
508 355 650 397 solum
687 356 801 398 idem
846 355 911 396 bis
945 357 1128 406 dicitur,
1180 359 1256 399 sed
1303 363 1574 404 incommodo

130 435 386 487 interposita
415 434 631 474 sententia
661 432 752 475 haec
780 433 1100 489 disiunguntur,
1132 443 1335 491 tanquam
1366 440 1469 479 novi
1496 440 1574 479 ali-

134 511 236 566 quid
258 511 460 567 ‘addatun
520 562 522 564 v

251 587 434 628 Restant
460 588 678 629 orationes
704 587 956 643 Philippicae
979 588 1090 628 dum.
1151 588 1312 630 Earum
1343 592 1574 632 emendan-

131 663 282 704 darum
311 665 394 704 etsi
425 666 633 719 optimum
666 666 913 720 proesidium
953 666 1114 720 praebet
1147 667 1288 708 codex
1318 668 1574 718 Vaticanus,

132 754 216 795 quo
249 742 378 783 etiam
407 741 539 796 paulo
568 741 766 796 pluribus
795 741 902 783 locis
936 758 1040 784 usus
1073 758 1192 796 suin,
1226 760 1353 800 quam
1379 748 1573 799 superio-

129 831 224 868 res,
265 832 352 859 non
391 827 561 869 tamen,
608 833 738 873 quum
777 823 1013 874 praesertim
1056 821 1175 861 solus
1216 824 1253 862 is
1296 824 1349 863 sit
1383 822 1577 864 melioris

131 897 306 949 generis
327 897 483 945 codex,
512 897 565 936 ad
598 897 742 936 omnia
776 897 931 936 menda
958 896 1151 937 tollenda
1181 896 1361 946 sufficit3
1393 915 1576 954 quorum

132 985 265 1013 unum
307 981 350 1013 et
390 972 575 1013 alterum
615 974 862 1012 coniectura
904 973 1156 1023 emendavi,
1203 976 1415 1028 primum,
1462 977 1576 1030 quod

131 1056 224 1089 erat
251 1050 295 1088 in
329 1057 437 1089 orat.
465 1050 614 1103 priinae
647 1063 683 1089 c.
714 1050 756 1098 3,
787 1050 828 1089 S.
895 1049 1091 1104 Exponit
1125 1049 1294 1100 Cicero,
1326 1065 1414 1102 cur,
1445 1067 1576 1107 quum

127 1124 266 1166 Roma
295 1126 590 1176 discessisset,
621 1134 667 1165 ut
698 1140 774 1178 per
806 1126 980 1181 aliquod
1016 1135 1182 1180 tempus
1213 1126 1400 1179 abesset,
1425 1128 1576 1170 'subito

127 1202 375 1244 revertendi
409 1203 637 1244 consilium
670 1204 846 1257 ceperit.
908 1202 1067 1244 Narrat
1099 1207 1257 1260 igitur,
1290 1205 1457 1260 aliquot
1486 1207 1575 1246 die-

128 1277 209 1319 bus
250 1288 348 1334 post
378 1279 600 1320 Kalendas
625 1280 844 1330 Sextiles,
888 1295 1016 1334 quum
1047 1283 1089 1321 in
1125 1296 1231 1335 agro
1257 1282 1457 1337 Rhegino
1486 1298 1575 1324 mo-

128 1364 296 1397 ran-etur
319 1357 449 1410 (diem
473 1357 607 1397 fuisse
628 1356 715 1398 Vll
739 1357 799 1397 ld.
822 1358 999 1408 Sextil„
1030 1367 1197 1398 constat
1227 1372 1286 1398 ex
1318 1374 1385 1413 ep.
1409 1360 1460 1400 ad
1481 1360 1573 1400 Att.

130 1432 269 1483 XVI,
297 1434 358 1486 7),
389 1435 562 1474 venisse
593 1435 646 1474 ad
680 1449 726 1474 se
755 1433 980 1485 homines,
1013 1438 1085 1489 qui
1114 1435 1250 1475 Roma
1282 1450 1415 1488 nuper
1446 1437 1574 1477 adve-

129 1511 311 1560 nissent,
342 1509 550 1565 laetosque
581 1512 754 1550 nuntios
788 1512 840 1551 de
873 1525 920 1551 re
950 1510 1124 1563 publica
1153 1512 1376 1552 adtulisse.
1425 1513 1575 1556 Adde—

128 1585 249 1633 bant,
282 1588 443 1642 inquit,
468 1593 702 1641 praeterea,
732 1601 820 1627 rem
854 1593 1184 1635 convenluram3
1217 1589 1438 1629 Kalendis
1460 1588 1574 1629 Sex-

129 1662 279 1704 tilthus
318 1669 510 1705 senatum
541 1663 822 1719 frequentem
841 1663 978 1714 sore,·
1030 1665 1294 1717 Antoniam,
1332 1666 1575 1719 repudiatis

129 1741 256 1781 males·
280 1741 554 1790 suasoribus,
587 1745 777 1782 renn'ssae's
801 1746 1046 1796 provinciis
1078 1743 1264 1791 Galliis,
1298 1743 1358 1783 ad
1385 1744 1574 1783 auctori-

128 1823 260 1858 tatem
303 1826 478 1860 senalus
508 1833 601 1860 esse
632 1820 887 1860 rediturum.
960 1819 1067 1860 Haec
1098 1823 1266 1871 omnia,
1296 1822 1333 1860 si
1365 1821 1574 1860 orationis

128 1893 312 1936 formam
342 1904 385 1936 et
413 1911 540 1937 usum
570 1897 705 1937 futuri
737 1898 944 1950 temporis
974 1906 1234 1951 spectamus,
1266 1899 1328 1937 ita
1360 1898 1572 1943 dicuntur,

130 1980 177 2012 ut
206 1972 258 2013 de
290 1987 337 2013 re
372 1974 518 2014 sutura
561 1987 760 2014 narrasse
803 1972 870 2012 illi
904 1973 1100 2014 homines
1135 1975 1379 2013 necessario
1409 1971 1572 2012 intelli-

132 2056 315 2102 gantur3
361 2057 403 2089 et
432 2058 576 2089 tamen
613 2051 674 2089 ita
704 2047 836 2089 verba
864 2049 1054 2104 intelligi
1085 2059 1203 2090 vetat
1235 2050 1424 2090 additum
1459 2047 1573 2089 Sesc-

131 2124 304 2176 telcbusg
338 2127 482 2179 itaque
510 2127 778 2179 accipiuntur
806 2124 896 2164 haec
929 2124 1061 2180 vulgo
1091 2126 1176 2174 ita,
1213 2134 1281 2175 ut,
1316 2140 1572 2180 quamquam

132 2203 216 2242 iam
247 2204 540 2256 praeterissent
579 2201 680 2242 Kal.
724 2204 858 2251 Sex„
903 2210 1046 2242 tamen
1082 2204 1220 2242 oratio
1255 2203 1574 2243 accommodata

131 2278 298 2319 dicatur
329 2279 381 2319 ad
415 2287 600 2334 tempus,
630 2293 714 2334 quo
747 2278 885 2319 Roma
918 2279 1233 2319 discessissent.
1294 2278 1461 2320 Verum
1485 2288 1575 2319 tuni

134 2369 217 2395 non
253 2355 478 2396 dicendum
510 2364 622 2396 erat:
656 2354 873 2396 addebant
904 2378 955 2388 —-
975 2353 1088 2404 fore
1117 2377 1171 2386 -—-
1201 2369 1292 2395 esse
1320 2356 1573 2402 rediturum,

132 2432 231 2472 sed:
279 2432 520 2482 addebant,
556 2439 830 2486 exspectasse
861 2431 1050 2472 homiues
1079 2434 1172 2473 sive
1202 2432 1314 2473 lcemc
1342 2445 1573 2472 sermonem

119 2507 270 2556 sitisse
311 2509 502 2552 similive
551 2510 693 2550 modo.
772 2508 956 2550 Subiicit
992 2509 1169 2560 Cicero,
1208 2524 1277 2560 se,
1316 2524 1446 2564 quum
1485 2509 1573 2549 haec

135 2586 348 2636 audisset,
395 2587 629 2641 cupiditate
674 2589 898 2628 incensum
951 2587 1183 2635 redeundi,
1235 2600 1402 2627 summo
1445 2600 1573 2637 opere

134 2661 388 2714 festinasse,
420 2676 503 2704 non
529 2677 610 2718 qno
632 2677 678 2704 se
702 2665 760 2704 ud
785 2670 947 2718 tempus
969 2677 1238 2704 occursurum
1271 2676 1355 2703 nou
1381 2668 1573 2715 putaras,

135 2739 210 2779 sed
241 2752 295 2780 ue
325 2740 517 2791 tardius,
549 2755 673 2796 qaam
707 2748 903 2796 cuperet,
936 2746 1005 2782 ree·
1027 2740 1218 2796 publc'coe
1247 2739 1570 2794 gratularetur,-

137 2827 227 2865 quae
275 2818 413 2858 oratio
457 2817 624 2860 nullum
665 2821 839 2861 omnino
875 2832 1048 2861 sensum
1094 2818 1246 2866 habet,
1294 2830 1377 2856 non
1418 2828 1574 2869 proece-

1242 2899 1274 2929 ιι
1297 2901 1307 2911 ·
