1981 3390
1440 259 1539 310 289

168 396 300 441 quas,
345 396 437 439 quae
479 382 639 423 sonaim
680 380 726 419 in
765 385 1023 433 potestatem
1067 376 1327 428 veniebant,
1371 386 1413 418 et
1454 380 1507 419 ad
1540 394 1616 421 eos

165 460 376 517 populos,
417 458 571 515 quibus
616 457 722 511 ipsis
764 458 950 496 societas
988 464 1032 496 et
1070 453 1288 495 libertatis
1331 452 1478 508 aliqua
1516 470 1617 509 pars

167 536 506 592 relinquebatur.
562 533 832 589 Longinquae
865 542 991 574 terrae
1026 539 1069 573 et
1101 532 1399 572 transmarinae
1432 539 1506 571 aut
1534 531 1614 572 Al-

163 615 292 669 pibus
329 614 579 661 disiunctae,
629 611 823 665 gentium
865 609 1171 660 barbararum,
1220 622 1306 648 non
1343 622 1369 649 a
1406 607 1615 649 Romanis

166 699 331 732 tantum
365 690 439 730 sed
474 688 526 729 ab
557 688 679 728 Italis
707 687 834 743 plane
868 687 1216 736 abhorrentium,
1263 684 1418 740 quibus
1447 686 1490 725 in
1516 699 1616 740 pro·

167 769 320 809 vinciae
354 767 537 807 formam
578 766 764 806 redactis
807 767 1087 819 magistratus
1116 764 1302 804 Romani
1330 760 1614 817 imponeban-

166 852 262 896 tur,
295 844 395 884 aliis
426 843 563 884 modis
597 842 832 883 retinendae
862 843 988 882 initio
1019 849 1141 882 erant
1163 838 1218 895 ¹).

288 920 438 975 Itaque
478 927 714 974 sequuntur
747 917 1010 958 Gracchanae
1051 917 1232 958 coloniae
1274 914 1356 955 hoc
1387 913 1482 955 solo
1516 928 1617 955 con-

167 996 268 1038 silio
301 998 571 1046 constitutae,
603 1003 651 1035 ut
679 1008 786 1048 agro
818 995 1065 1048 assignato,
1098 991 1358 1046 ubicumque
1393 988 1490 1031 fieri
1519 1004 1618 1043 pos-

166 1082 257 1124 set,
300 1074 543 1128 paupertati
595 1071 755 1111 civium
813 1069 1134 1110 subveniretur.
1219 1067 1269 1109 In
1312 1066 1467 1122 quibus
1511 1082 1615 1122 quo-

167 1151 284 1190 niam
330 1148 439 1189 nihil
483 1149 586 1189 novi
630 1149 736 1188 iuris
784 1147 1063 1187 constitutum
1105 1153 1196 1195 est,
1243 1143 1413 1185 nullum
1456 1143 1619 1185 habent

166 1225 433 1282 singularem
463 1228 505 1265 in
535 1233 684 1265 nostra
713 1224 949 1278 quaestione
978 1222 1137 1264 locum.
1213 1220 1404 1262 Tantum
1429 1221 1619 1263 notanda

167 1302 331 1344 Velleii
386 1303 700 1357 exaggeratio,
750 1302 823 1354 qui
874 1298 922 1340 C.
969 1298 1211 1339 Gracchum
1257 1299 1384 1338 novis
1434 1297 1618 1339 coloniis

167 1379 409 1434 replevisse
453 1388 523 1420 aut
561 1377 713 1419 saltem
756 1375 926 1430 replere
962 1384 1162 1417 conatum
1191 1375 1437 1429 provincias
1468 1374 1620 1415 scribit

171 1455 407 1510 (replebat,
438 1455 504 1505 11,
533 1456 604 1508 6);
640 1456 731 1509 ipse
765 1455 881 1494 enim
912 1453 978 1508 (I,
1008 1454 1079 1504 15)
1110 1460 1267 1507 proeter
1298 1450 1500 1501 Italicas,
1534 1452 1617 1493 Fa-

169 1531 401 1573 brateriam
431 1535 544 1587 (quau
575 1545 613 1571 a.
646 1533 727 1571 124
768 1530 952 1571 deducta
994 1534 1103 1579 est),
1145 1527 1414 1582 Scylaeium,
1451 1527 1617 1569 Miner-

168 1608 311 1658 vium,
344 1608 607 1659 Tarentum,
641 1607 920 1662 Neptuniam,
952 1620 1045 1661 quae
1081 1619 1164 1661 quo
1194 1604 1292 1646 loco
1321 1604 1466 1654 fuerit,
1493 1606 1618 1660 igno-

167 1693 311 1736 ratur,
359 1700 489 1727 unam
540 1683 849 1740 Carthaginem
899 1691 1205 1725 commemorat
1246 1682 1381 1734 (conf.
1425 1680 1614 1737 Appian.

167 1760 280 1802 Bell.
319 1761 415 1803 civ.
449 1762 494 1813 I,
533 1764 613 1813 24,
646 1761 747 1802 Liv.
789 1776 854 1814 ep.
887 1761 985 1813 6⁰),
1030 1774 1156 1816 quam
1188 1761 1327 1815 ipsam
1358 1758 1618 1800 Plutarchus

167 1836 238 1892 (C.
271 1837 450 1880 Gracch.
481 1842 527 1891 9)
566 1838 721 1880 Rubrii
759 1837 1199 1892 legeiconstitutam‘,
1241 1836 1318 1877 sed
1354 1851 1379 1877 a
1422 1835 1617 1877 Graccho

170 1914 396 1956 deductam
427 1915 591 1956 scribit.
654 1915 773 1956 Idem
803 1914 1061 1955 Plutarchus
1094 1915 1148 1966 (c.
1178 1911 1223 1967 8)
1257 1913 1309 1952 de
1340 1911 1512 1952 colonia
1536 1911 1618 1952 Ca-

173 2005 302 2044 puam
349 1992 599 2032 deducenda
639 1991 881 2032 Gracchum
918 1990 1070 2030 tulisse
1113 1990 1258 2044 legem
1305 1996 1475 2038 narrat,
1525 2001 1619 2042 quae

173 2075 287 2106 certe
319 2069 487 2108 exitum
516 2082 600 2108 non
631 2067 808 2118 habuit,
853 2081 932 2107 nec
960 2067 1172 2114 dixerim,
1202 2064 1436 2119 reliquaene
1469 2078 1618 2105 omnes

175 2157 275 2183 vere
312 2143 503 2184 deducire
547 2145 657 2192 sint3
696 2145 748 2184 de
792 2132 1056 2198 Carthagine
1097 2151 1265 2191 tamen,
1307 2141 1360 2181 de
1401 2156 1484 2196 qua
1524 2143 1619 2196 quis

172 2219 303 2259 facile
334 2219 524 2270 dubitet,
566 2222 603 2261 si
634 2220 825 2276 Appiani
855 2221 1146 2261 narrationem
1179 2218 1208 2258 l.
1245 2232 1279 2258 c.
1310 2217 1455 2271 legat,
1496 2218 1619 2260 dubi-

173 2295 378 2336 tationem
419 2299 576 2337 eximit
616 2299 731 2339 idem
768 2297 994 2352 Appiauus
1034 2297 1078 2336 in
1120 2296 1270 2350 Punic.
1311 2293 1423 2336 VIII
1454 2308 1490 2335 c.
1522 2295 1618 2344 136,

171 2382 253 2411 sex
297 2371 436 2412 millia
481 2373 700 2414 hominum
747 2374 930 2415 deducta
970 2372 1177 2414 scribens.
1243 2370 1355 2422 (cfr.
1394 2370 1523 2412 Oros.
1561 2371 1620 2422 V,

172 2448 260 2496 12).
321 2447 438 2489 Livii
471 2448 604 2491 Drusi
644 2448 722 2492 lex
755 2451 808 2492 de
848 2447 941 2493 XII
973 2448 1156 2492 coloniis
1190 2449 1401 2491 trinorum
1435 2447 1622 2491 millium

171 2523 407 2573 (Plutarch.
456 2525 503 2566 C.
546 2525 728 2569 Gracch.
755 2531 810 2579 9,
853 2529 1043 2585 Appian.
1077 2527 1173 2569 Civ.
1204 2526 1248 2577 I,
1291 2526 1391 2577 23),
1434 2525 1524 2568 lata
1566 2528 1619 2567 ad

180 2720 233 2764 ¹)
258 2720 314 2755 Ab
328 2721 607 2766 Transpadanis
621 2723 777 2760 coloniis
800 2728 835 2760 et
848 2724 937 2768 illis,
961 2736 1040 2770 que
1059 2727 1190 2771 postca
1206 2723 1242 2759 in
1264 2721 1465 2769 provinciis
1487 2722 1622 2757 consti-

262 2785 351 2814 tutae
375 2786 461 2815 suut
488 2782 622 2817 civium
645 2785 841 2827 militares,
865 2786 1021 2820 Tacitus
1041 2786 1154 2829 (Ann.
1181 2786 1244 2825 lv,
1271 2783 1312 2825 5)
1338 2782 1503 2817 colonias
1527 2783 1622 2817 anti·

264 2841 386 2883 quitus
414 2841 598 2876 Romanas
621 2844 787 2890 eeiungit
811 2850 848 2881 et
876 2858 960 2881 cum
986 2851 1106 2881 vetere
1135 2846 1239 2879 butio
1265 2842 1466 2887 coniungit.

1290 2915 1334 2947 19
