1981 3390
451 207 548 295 340

387 374 541 421 arguta
578 366 888 406 contrariorum
920 363 1158 414 relatione,
1201 375 1296 418 quae
1330 363 1425 417 ipsa
1453 360 1668 402 brevitate
1698 361 1827 403 feriat

386 457 514 485 aures
552 444 780 496 (petisse-nt
813 453 971 490 necne,
1001 453 1078 479 cur
1102 442 1355 492 petissent),
1387 439 1666 478 imminuatur
1697 439 1827 479 trium

384 519 616 561 verborum
659 520 705 558 in
746 518 889 570 priore
932 514 1125 555 membro
1165 516 1406 555 adiectione
1450 515 1678 567 (petissent
1705 526 1733 553 a
1761 526 1828 554 me

377 595 624 650 praesz‘clc'nm
647 594 815 644 necne),
848 604 940 644 quae
972 591 1017 629 in
1043 590 1164 630 codd.
1187 590 1353 643 steph„
1383 590 1520 638 Leid„
1553 588 1697 629 Guelf.
1722 592 1750 629 2
1781 597 1825 629 et

383 671 485 712 edit.
522 667 676 709 Lamb.
711 668 978 707 omittuntur.
1071 665 1178 719 (cfr.
1216 665 1414 719 Append.
1453 664 1612 705 Ascon.
1655 680 1697 720 p.
1735 665 1823 718 32.)

383 746 534 799 Itaque
566 745 681 794 hacc,
712 756 969 797 quamquam
995 742 1117 782 deest
1145 740 1368 781 Guelferb.
1394 741 1549 793 prioris
1579 741 1827 790 auctoritas,

383 836 471 863 non
519 822 660 861 minus
714 819 814 859 hinc
850 817 1081 868 tollentur,
1125 831 1251 872 quam
1296 831 1350 856 ea
1390 816 1618 856 accedente
1659 815 1831 856 sublata

383 897 546 939 similia
585 903 685 936 sunt
719 895 763 950 (a
806 909 874 934 me
921 909 1090 948 quoque
1123 894 1324 934 damnata
1353 891 1552 946 Append.
1594 891 1754 932 Ascon.
1789 906 1833 945 p.

382 973 454 1026 33)
491 987 548 1013 ex
581 972 680 1012 Act.
712 970 757 1022 Ι,
801 986 837 1011 c.
868 972 921 1020 3,
959 972 1002 1020 ¹7,
1036 984 1071 1010 c.
1102 971 1181 1020 15,
1213 971 1292 1019 43,
1322 977 1365 1008 et
1400 982 1460 1008 ex
1492 966 1591 1007 Lib.
1617 966 1662 1018 Ι,
1696 981 1732 1007 c.
1761 968 1831 1018 12,

383 1051 453 1099 32,
485 1063 520 1089 c.
552 1049 622 1097 34,
654 1049 710 1088 87
737 1048 801 1100 (in
833 1061 917 1101 quo
948 1054 1142 1086 extremo
1179 1044 1277 1086 loco
1309 1044 1536 1098 Zumptius
1569 1046 1613 1084 in
1648 1043 1832 1098 append.

384 1125 557 1165 demum
588 1122 725 1164 deleri
756 1122 902 1172 iubet,
938 1128 1191 1175 exspectato
1226 1120 1371 1160 Guelf.
1403 1119 1424 1160 I
1456 1120 1714 1172 consensu),
1752 1133 1832 1160 nec

382 1198 719 1255 repugnabitur,
763 1213 845 1253 quo
889 1200 1031 1238 minus
1076 1197 1236 1236 eisdem
1268 1197 1391 1236 codd.
1422 1195 1645 1236 obediatur
1676 1197 1721 1235 in
1753 1195 1833 1236 ali-

383 1285 487 1333 quot
523 1275 792 1330 singularum
840 1288 994 1314 vocum
1036 1274 1338 1313 additamentis
1380 1271 1599 1312 tollendis.
1669 1270 1832 1312 Notavi

382 1353 598 1410 (Append.
629 1352 682 1392 ad
714 1351 874 1392 Ascon.
906 1366 947 1405 p.
981 1350 1055 1403 32)
1091 1349 1242 1390 Divin.
1281 1351 1333 1400 4,
1374 1351 1452 1398 11,
1495 1347 1570 1388 ubi
1602 1348 1654 1388 de
1685 1346 1836 1388 Guelf.

381 1433 409 1471 2
435 1431 521 1471 vid.
550 1430 723 1483 Zumpt.
754 1427 962 1482 append„
998 1427 1087 1477 (liza,
1120 1435 1163 1466 et
1193 1427 1238 1476 5,
1271 1428 1326 1466 19
1344 1424 1460 1474 suit,
1493 1426 1614 1464 cuius
1647 1424 1835 1464 addendi

383 1521 514 1549 causa
544 1515 685 1561 patet3
719 1507 763 1545 in
793 1519 829 1546 c.
856 1506 897 1554 ’7,
931 1506 986 1544 23
1016 1505 1092 1556 (z's)
1128 1503 1270 1544 obstat
1297 1502 1539 1542 Arusianus
1569 1499 1742 1540 Messus
1770 1501 1829 1554 (p.

381 1585 465 1626 244
490 1582 720 1635 Lindem.).
784 1581 909 1621 Addo
941 1580 1091 1620 Divin.
1126 1582 1194 1629 17,
1223 1580 1279 1619 55
1312 1581 1454 1617 omnia
1484 1586 1526 1617 et
1558 1575 1656 1616 Lib.
1686 1576 1733 1625 Ι,
1763 1578 1834 1627 36,

381 1664 435 1702 91
470 1674 586 1708 eum3
619 1658 833 1712 simulque
865 1656 963 1713 Lib.
999 1656 1032 1704 Ι,
1069 1658 1135 1706 10,
1164 1657 1220 1696 28
1255 1669 1312 1694 ex
1348 1653 1547 1694 omnibus
1580 1651 1833 1692 melioribus

384 1738 509 1779 codd.
549 1737 619 1790 (de
666 1735 748 1775 Gu.
801 1736 829 1773 2
873 1734 960 1774 vid.
994 1732 1165 1787 Zumpt.
1217 1731 1331 1784 app.)
1376 1729 1690 1770 restituendum
1736 1742 1833 1769 esse

383 1816 553 1868 aptum'
584 1812 798 1873 celeritati
845 1811 1103 1849 narrationis
1159 1807 1395 1861 asyndeton
1447 1810 1645 1859 argenti,
1702 1808 1834 1865 pestis

382 1891 613 1944 stragulae,
668 1896 710 1928 et
756 1902 792 1927 c.
831 1888 916 1936 29,
962 1888 1016 1926 72
1057 1885 1296 1925 tollendum
1347 1898 1441 1923 esse
1487 1881 1834 1936 supplementum

383 1965 530 2008 Guelf.
557 1966 712 2020 prioris
746 1977 849 2003 esse.
914 1961 1075 2003 Contra
1106 1962 1204 2002 Act.
1226 1960 1271 2010 Ι,
1304 1962 1356 2010 8,
1387 1961 1439 1999 21
1471 1959 1737 2000 restituenda
1769 1965 1835 1998 est

382 2058 474 2085 vox
511 2055 697 2097 pueros,
750 2039 915 2080 nullam
957 2038 1088 2079 aliam
1138 2038 1191 2078 ob
1239 2050 1436 2077 caussam
1479 2037 1662 2084 omissa,
1706 2048 1835 2089 quam

383 2120 496 2174 quod
527 2126 676 2173 posset
706 2116 881 2157 brevius
912 2130 1080 2170 quoque
1114 2122 1157 2155 et
1187 2113 1435 2169 generalius
1460 2113 1580 2161 ·dici;
1629 2110 1835 2151 librarius

381 2195 596 2242 homines,
641 2207 854 2234 summum
894 2205 1063 2240 servos,
1108 2205 1193 2230 non
1223 2199 1310 2231 tam
1339 2190 1496 2229 Latine
1528 2201 1686 2241 pueros
1717 2187 1835 2228 addi-

382 2272 530 2311 disset.
594 2269 710 2318 Iam,
743 2271 922 2323 opinor,
954 2267 1062 2308 nihil
1091 2268 1323 2321 impediet,
1357 2281 1440 2320 quo
1474 2267 1614 2305 minus
1648 2279 1707 2304 ex
1739 2263 1833 2303 solo

383 2345 529 2387 Guelf.
569 2347 618 2394 2,
663 2360 688 2385 a
732 2359 814 2398 quo
854 2345 1082 2383 dissentire
1124 2343 1383 2382 Leidensem
1422 2355 1481 2380 ex
1521 2340 1695 2379 silentio
1732 2353 1835 2379 con-

382 2423 554 2464 cludere
585 2435 669 2461 non
702 2419 818 2468 licet,
847 2420 1096 2458 restituatur
1127 2417 1224 2456 Act.
1259 2415 1293 2465 Ι,
1325 2418 1389 2464 11,
1425 2417 1501 2455 32:
1537 2418 1702 2467 capiam
1724 2414 1832 2463 fru-

382 2506 492 2541 ctum
535 2511 593 2538 ex
631 2502 930 2541 accus-almum
978 2492 1205 2546 perficiam
1241 2500 1320 2531 etc.
1366 2491 1458 2544 (cfr.
1502 2491 1744 2531 Emendatt.
1785 2493 1831 2531 in

383 2575 472 2616 Cic.
502 2573 638 2615 libros
668 2571 824 2627 philos.
863 2586 903 2625 p.
938 2571 1052 2621 182),
1096 2578 1138 2609 et
1170 2568 1268 2608 Lib.
1299 2567 1345 2617 Ι,
1388 2570 1468 2617 38,
1500 2570 1555 2608 97
1597 2582 1656 2608 ex
1688 2567 1834 2608 Guelf.

379 2654 407 2692 2
437 2658 480 2692 et
510 2651 764 2705 Lagomars.
796 2649 851 2686 29
898 2652 1123 2700 cognosset
1174 2659 1252 2699 pro
1305 2643 1485 2698 vulgato
1529 2650 1831 2699 cognosceret,-

381 2742 468 2768 non
498 2727 612 2782 quod
639 2725 720 2766 hoc
754 2723 850 2764 loco
885 2723 988 2763 ferri
1020 2722 1100 2763 hoc
1134 2719 1253 2761 nullo
1284 2721 1410 2760 modo
1439 2722 1591 2775 possit,
1624 2721 1699 2760 sed
1723 2720 1836 2775 quod

382 2813 592 2859 perpetua
638 2809 703 2844 est
744 2799 1020 2841 librariorum
1061 2798 1244 2840 alterum
1288 2797 1396 2838 illud
1439 2811 1534 2838 cum
1577 2797 1657 2838 hac
1689 2797 1828 2838 forma
