1981 3390
418 217 515 264 21⁰

474 336 577 377 Haec
629 346 757 389 quum
800 335 858 372 ita
900 339 1069 379 essent,
1120 338 1267 370 nostro
1314 329 1496 379 saeculo,
1551 328 1703 369 studiis
1748 329 1799 367 de
1863 326 1865 328 ’

355 413 529 469 publica
558 411 816 467 populorum
849 407 1078 462 disciplina
1107 408 1315 447 intentius
1343 405 1560 460 quaerendi
1594 405 1801 445 excitatis

357 501 400 532 et
427 491 480 531 ad
510 489 737 530 historiam
768 487 898 525 etiam
925 484 1156 534 traductis,
1189 497 1302 524 nova
1329 491 1394 523 est
1425 491 1582 523 exorta
1616 481 1802 535 antiqui-

358 571 460 609 tatis
491 567 697 608 Romanae
728 561 1058 616 pervestigatio,
1086 561 1208 600 cuius
1241 561 1441 614 princeps
1471 559 1642 600 exstitit
1673 556 1723 598 Β.
1749 555 1803 597 G.

358 643 651 689 Niebuhrius,
693 638 847 679 deinde
889 635 966 676 alii
1008 649 1054 676 se
1097 636 1415 685 adiunxerunt‚
1457 636 1613 690 partim
1652 635 1804 689 quise

359 719 610 774 philologos
655 724 698 756 et
739 714 970 755 historicos
1001 713 1158 767 partim
1192 713 1266 765 qui
1298 711 1627 752 iurisconsultos
1659 709 1806 766 appel-

362 798 442 837 }ari
488 794 735 835 maluerunt
757 790 810 845 ¹).
892 787 1136 830 Niebuhrio
1187 789 1480 828 institutorum
1533 789 1725 828 maxime
1764 795 1808 827 et

365 872 602 927 disciplinae
644 869 831 925 publicae
887 867 1112 907 historiam
1155 866 1419 920 propositam
1463 865 1624 914 fuisse,
1655 864 1810 919 ‘ipsum

367 953 458 991 eius
492 962 598 1004 opus
630 947 846 1002 loquitur,
887 952 929 984 et
961 945 1053 998 ipse
1095 941 1180 982 sibi
1212 943 1383 982 initium
1418 930 1636 997 quaerendi
1669 949 1811 982 ortum

368 1025 584 1083 significat
616 1039 675 1066 ex
706 1022 1007 1064 animadversa
1037 1020 1324 1074 repugnantia
1354 1033 1519 1069 eorum,
1543 1032 1637 1074 quae
1667 1018 1720 1058 de
1746 1019 1812 1058 in-

367 1104 528 1145 stitutis
557 1100 779 1144 veteribus
810 1098 1107 1145 traderentur,
1152 1096 1378 1151 studioque
1411 1098 1597 1150 antiquae
1638 1096 1702 1135 rei
1733 1108 1812 1149 pu-

368 1180 491 1221 blicae
544 1177 838 1232 intelligendae
860 1177 918 1224 2).
1002 1173 1219 1222 Omnino,
1265 1182 1313 1212 ut
1366 1172 1540 1228 singula
1581 1170 1813 1212 Niebuhrii

369 1260 547 1297 inventa
574 1269 685 1296 nunc
720 1255 994 1300 omittamus,
1033 1264 1111 1290 nec
1144 1263 1409 1303 quaeramus,
1443 1261 1536 1302 quae
1570 1261 1690 1297 vera,
1720 1259 1814 1301 quae

369 1333 482 1373 falsa
532 1332 782 1379 videantur,
835 1329 926 1368 haec
968 1328 1053 1367 duo
1097 1341 1264 1366 summa
1305 1326 1507 1380 praestitit
1546 1323 1816 1378 antiquitatis

372 1409 539 1459 studio,
570 1416 616 1448 ut
649 1417 692 1448 et
721 1415 942 1454 veterum,
974 1404 1176 1457 Dionysii
1207 1404 1399 1443 maxime
1433 1411 1475 1443 et
1510 1401 1653 1450 Livii,
1682 1399 1818 1440 histo-

373 1489 481 1526 rIam
520 1484 737 1525 scribendi
771 1484 940 1523 ratione
989 1483 1150 1522 rectius
1193 1489 1445 1534 perspecta,
1495 1478 1740 1519 libertatem
1773 1482 1817 1515 et

375 1564 676 1603 necessitatem
706 1558 923 1614 quaerendi
955 1567 997 1598 et
1037 1557 1260 1597 dubitandi
1289 1557 1340 1596 de
1371 1555 1501 1597 rebus
1525 1555 1817 1596 Romanorum

374 1641 563 1694 antiquis
593 1638 853 1685 ostenderet,
889 1643 931 1675 et
962 1636 1235 1688 perspicuas,
1265 1633 1442 1688 plenas,
1473 1647 1551 1672 nec
1580 1631 1689 1672 alias
1720 1628 1819 1670 aliis

375 1732 454 1758 nec
499 1729 643 1757 rerum
690 1706 997 1766 hominumque
1054 1719 1216 1750 naturae
1268 1710 1484 1750 communi
1529 1714 1820 1763 repugnantes

377 1795 653 1847 antiquorum
695 1791 992 1830 institutorum
1043 1788 1242 1827 notiones
1295 1787 1463 1840 concipi
1505 1784 1688 1825 iuberet.
1767 1783 1822 1823 Et

380 1878 572 1925 apparet,
606 1871 652 1909 in
685 1865 927 1907 Niebuhrio
960 1873 1117 1919 praeter
1147 1862 1432 1917 multiplicem
1464 1862 1748 1902 eruditionem
1779 1868 1822 1901 et

378 1945 644 2002 singularem
681 1945 837 1984 mentis
877 1941 1163 1983 mobilitatem
1202 1943 1246 1980 in
1285 1938 1439 1988 rebuS,
1474 1952 1567 1992 quae
1597 1939 1820 1978 disiunctae

378 2024 633 2078 longissime
674 2021 950 2069 viderentur,
1000 2019 1052 2059 ad
1097 2018 1326 2058 veritatem
1368 2015 1674 2056 inveniendam
1715 2016 1822 2055 scite

382 2099 687 2155 componendis
726 2098 837 2138 hanc
869 2096 1083 2151 praecipue
1113 2094 1248 2134 fuisse
1282 2093 1530 2134 facultatem
1562 2100 1605 2133 et
1635 2092 1822 2132 studium

382 2177 519 2217 claras
551 2185 594 2216 et
624 2175 847 2216 evidentes
876 2186 1020 2214 rerum
1043 2172 1421 2224 institutorumque
1452 2169 1614 2210 formas
1646 2177 1689 2209 et
1716 2170 1824 2209 ima-

475 2371 648 2405 idoneum
675 2378 714 2401 sc
739 2370 900 2410 putaret,
938 2365 1002 2410 qui
1037 2368 1154 2399 totam
1180 2364 1394 2408 reipublicae
1427 2364 1604 2398 Romanae
1641 2362 1827 2397 rationem

475 2429 675 2475 expediret.
726 2427 870 2460 Saltem
895 2429 1023 2470 aperte
1047 2425 1235 2459 confessus
1261 2429 1326 2465 est,
1353 2425 1450 2468 quod
1477 2425 1541 2458 alii
1560 2424 1824 2467 dissimulant]

413 2492 450 2535 ¹)
476 2491 557 2526 Non
585 2500 667 2523 sum
691 2490 768 2520 tam
804 2486 951 2529 iniquus
987 2491 1052 2519 aut
1085 2490 1163 2519 tam
1198 2484 1413 2529 imperitus,
1454 2487 1495 2517 ut
1518 2484 1617 2517 intra
1643 2494 1828 2518 annorum

478 2554 598 2585 certos
622 2558 796 2582 numeros
816 2547 912 2579 hanc
937 2546 1216 2591 prudentiorem
1242 2544 1499 2578 institutorum
1523 2545 1633 2578 Rom.
1662 2547 1828 2578 tractan-

477 2612 610 2645 dorum
633 2607 817 2642 rationem
847 2607 1088 2647 concludam;
1115 2607 1219 2639 velut
1247 2604 1427 2637 Friderici
1440 2603 1574 2639 Rothii
1595 2604 1695 2638 liber
1717 2604 1763 2638 de
1786 2614 1829 2637 re

479 2668 698 2713 municipali
729 2669 987 2701 Romanorum
1009 2667 1169 2700 multum
1195 2665 1231 2699 in
1260 2668 1337 2698 tota
1362 2663 1571 2707 quaestionis
1594 2663 1827 2700 instituenda

484 2729 631 2764 ratione
654 2738 676 2762 a
701 2728 855 2761 confusa
878 2726 1112 2770 superiorum
1138 2727 1262 2760 forma
1288 2723 1452 2758 discedit.

414 2794 453 2834 ²)
480 2802 512 2824 v.
543 2802 572 2823 c.
603 2788 699 2825 nist.
728 2789 836 2824 Rom.
867 2787 901 2822 11
928 2799 960 2830 p.
993 2786 1060 2820 150
1086 2787 1140 2821 cd.
1169 2785 1201 2819 2.
