1981 3390
1456 265 1553 314 317

286 388 396 430 Nam
430 400 569 443 neque
599 384 782 428 consilio
814 384 974 426 debent
1002 384 1170 426 tardata
1200 388 1373 435 morari,

284 465 376 506 Nec
407 465 642 520 persectari
674 463 909 518 primordia
940 461 1116 518 singula
1148 477 1343 518 quaeque,

267 542 343 584 ‘Ut
374 542 576 591 videant,
624 554 708 595 qua
739 541 924 595 quidque
953 548 1129 595 geratur
1159 555 1254 581 cum
1288 541 1470 581 ratione.

175 620 425 674 Sequuntur
465 618 667 669 deinceps
702 632 877 667 versus,
920 616 1076 673 quibus
1111 619 1153 657 in
1186 632 1260 658 eos
1285 615 1421 673 'poeta
1452 618 1624 659 invehi-

172 704 272 746 tur,
317 696 389 750 qui
431 696 515 734 nisi
561 695 709 734 divino
742 696 915 735 numine
949 695 1152 735 mundum
1185 705 1269 736 tam
1301 697 1622 737 accommodate

172 773 225 813 ad
254 772 465 813 humanas
496 773 688 812 rationes
721 771 952 826 gubernari
983 787 1066 812 non
1090 787 1216 827 posse
1236 774 1426 814 credant.
1485 773 1624 815 Miror

171 852 214 890 in
240 850 307 890 1115
333 850 548 890 1101111110111
577 848 703 889 valde
733 848 927 900 haesisse,
949 848 1268 904 quaeinfinitam
1295 850 1455 890 babent
1477 865 1624 904 repre-

177 926 393 967 hendendi
433 926 684 975 materiam,
734 926 984 980 explicandi
1027 925 1191 965 nullam
1238 927 1466 967 rationem.
1537 927 1625 968 Cur

169 1006 301 1045 atomi
336 1003 518 1043 celerius
551 1003 688 1051 irent,
730 1015 857 1055 quam
891 999 997 1041 solis
1034 1000 1223 1052 lumina,
1261 993 1488 1043 satis'erat
1522 1012 1622 1044 ante

171 1082 447 1136 expositum,
488 1077 600 1133 quod
643 1092 782 1132 neque
817 1093 894 1133 per
927 1079 1041 1118 aeris
1083 1078 1219 1119 undas
1261 1078 1508 1131 obstantes,
1548 1081 1624 1121 sed

167 1172 247 1212 per
286 1159 416 1197 inane
450 1164 750 1205 moverentur,
791 1169 929 1210 neque
971 1170 1181 1196 connexae
1227 1157 1373 1211 plures
1418 1159 1531 1198 inter
1577 1172 1624 1199 se

168 1234 494 1276 retraherentur
524 1235 627 1283 (149
658 1234 788 1287 sqq.).
867 1233 950 1273 Sed
992 1242 1134 1274 tamen
1179 1233 1466 1275 subiiciuntur
1499 1248 1624 1275 novoe

172 1326 312 1354 causae
345 1311 461 1352 Nam
501 1324 638 1365 neque
679 1310 861 1350 cons-ilio
902 1319 981 1351 etc.
1061 1310 1227 1352 Verum
1264 1311 1354 1351 haec
1396 1326 1625 1353 causarum

172 1391 336 1430 mentio
366 1403 492 1444 quam
524 1397 589 1429 est
618 1386 824 1428 absurda!
869 1386 967 1427 Non
999 1388 1221 1428 tardantur
1251 1388 1450 1428 consilio.
1515 1388 1626 1437 Quis

170 1467 214 1507 id
257 1475 332 1508 aut
373 1468 417 1506 in
457 1467 612 1506 atomis
644 1466 886 1519 suspicatus
929 1473 995 1505 est
1028 1473 1102 1505 aut
1137 1467 1349 1520 suspicari
1379 1468 1519 1521 potuit
1554 1474 1628 1506 aut

170 1547 214 1584 in
258 1543 349 1584 ulla
389 1557 435 1583 re
478 1541 636 1591 simili,
691 1543 812 1581 0111115
856 1556 951 1582 011111
995 1542 1217 1583 celeritate
1260 1542 1434 1584 illarum
1477 1558 1627 1583 cursus

173 1618 522 1677 compararetur}
562 1632 615 1658 an
634 1617 740 1658 solis
759 1619 868 1659 radii
887 1619 1069 1659 consilio
1091 1618 1372 1659 tardabantur
1390 1619 1403 1659 ἔ»
1454 1619 1626 1660 Deinde

171 1713 256 1740 non
301 1705 513 1753 coguntur
556 1697 793 1750 persectari
840 1697 1077 1750 primordia
1118 1695 1294 1751 singula
1335 1710 1539 1751 quaeque,
1584 1697 1628 1738 id

172 1784 263 1825 est,
308 1776 593 1828 semetipsas,
637 1781 686 1812 ut
726 1773 924 1823 videant,
967 1789 1051 1828 qua
1091 1775 1259 1814 ratione
1296 1788 1365 1814 res
1406 1783 1628 1829 gerantur.

173 1852 282 1902 Quae
318 1860 384 1892 est
415 1851 588 1891 tandem
623 1849 714 1891 haec
743 1851 938 1900 insania,
975 1851 1074 1891 ideo
1107 1850 1274 1892 ammos
1305 1835 1490 1891 celerius
1522 1852 1627 1892 ferri

170 1930 329 1979 dicere,
351 1929 463 1983 quod
485 1928 528 1967 id
551 1941 635 1967 non
652 1927 828 1977 faciant,
855 1928 964 1982 quod
991 1942 1075 1968 non
1092 1930 1231 1983 magis
1249 1937 1322 1968 aut
1338 1927 1443 1968 solis
1462 1928 1629 1969 lumina

172 2015 246 2047 aut
263 2005 355 2046 ulla
372 2005 459 2045 alia
477 2018 547 2045 res
561 2004 705 2054 saciat,
721 2012 761 2043 01
781 2004 953 2057 quodid
969 2019 1052 2044 non
1072 2013 1218 2060 agant,
1235 2005 1347 2058 quod
1369 2006 1444 2045 vix
1459 2005 1627 2046 ridendi

173 2097 304 2124 causa
323 2084 521 2137 cuiquam
539 2090 611 2121 aut
625 2081 836 2135 Epicureo
853 2089 925 2120 aut
947 2081 1022 2121 alii
1044 2083 1086 2121 in
1104 2091 1291 2122 mentem
1308 2083 1456 2121 venire
1473 2084 1626 2136 possit,

175 2170 221 2200 ut
254 2160 410 2200 atomis
442 2158 618 2208 tribuat,
649 2171 794 2198 curam
828 2158 1020 2209 videndi,
1052 2159 1152 2214 quid
1178 2159 1336 2199 mundo
1356 2156 1458 2198 fiat}
1504 2158 1627 2209 Haec,

174 2239 211 2278 si
245 2239 340 2292 quis
371 2236 577 2286 attendit,
621 2244 708 2276 tam
741 2244 840 2275 sunt
867 2235 1075 2286 absurda,
1119 2245 1166 2276 ut
1197 2238 1278 2277 vix
1312 2237 1355 2276 in
1390 2235 1468 2275 tali
1499 2249 1630 2276 causa

174 2315 393 2355 mentione
423 2314 600 2367 dignum
631 2327 728 2353 esse
758 2313 980 2363 videatur,
1012 2328 1077 2363 ea,
1113 2327 1206 2368 quae
1237 2321 1500 2368 sequuntur,
1534 2326 1631 2368 per-

172 2393 318 2446 inepte
355 2390 524 2431 subiici.
601 2388 714 2431 Nam
746 2405 873 2445 quam
915 2389 1048 2431 habet
1083 2391 1433 2431 coniunctionem
1464 2399 1629 2431 atomo-

171 2483 265 2509 rum
297 2467 534 2508 celeritatis
579 2476 621 2508 et
655 2468 813 2508 divina)
842 2467 1126 2522 providentiae
1157 2467 1351 2507 mentio}
1410 2477 1484 2508 aut
1527 2469 1628 2523 quid

175 2544 306 2586 habet
339 2546 568 2595 contrarii,
600 2553 767 2586 atomos
800 2544 985 2585 celerius
1016 2544 1134 2595 ferri,
1166 2559 1294 2599 quam
1325 2544 1434 2585 solis
1461 2545 1629 2585 lumina

174 2631 216 2662 et
267 2621 473 2661 mundum
526 2623 621 2675 regi
661 2622 837 2662 deorum
880 2621 1184 2676 providentia!
1245 2623 1450 2677 Sequitur
1492 2624 1632 2663 enim:

172 2704 237 2743 Al
277 2698 450 2754 qm'dam
494 2704 644 2738 contra
689 2697 781 2740 lecec
813 2709 894 2740 etc.
972 2700 1085 2750 Sed,
1127 2708 1174 2739 ut
1218 2699 1312 2740 dixi
1355 2700 1505 2748 initio,
1552 2700 1631 2753 ipsi

175 2775 344 2817 codices
379 2775 583 2817 indicium
615 2775 779 2818 faciunt
807 2779 869 2818 rei
906 2791 982 2832 per
1013 2791 1059 2818 se
1094 2785 1267 2831 apertae.
1332 2775 1443 2816 Nam
1477 2790 1628 2817 versus
