1981 3390
1479 224 1537 272 19

1129 297 1152 318 C

149 348 296 390 Tusco
335 361 378 403 p.
403 348 434 389 7
469 348 493 399 ς
523 346 578 386 16
609 353 654 386 et
695 343 750 384 15
794 354 928 397 opera
966 342 1235 398 assignavit,
1290 342 1390 383 huic
1431 344 1602 398 quidem

150 425 334 470 ridiculo
368 422 512 473 titulo,
545 427 593 465 in
624 420 841 476 Phyllidis
870 432 978 462 suae
1006 433 1173 470 amore,
1207 420 1322 476 quod
1351 421 1464 476 apud
1495 421 1605 463 Ovi-

148 506 265 547 dium
307 511 400 545 erat
440 515 520 543 sna
562 499 788 554 J’leylle·de,·
842 499 1013 540 videtur
1042 507 1188 539 autem
1219 497 1406 540 Ovidius
1439 499 1607 554 Phylli-

145 573 252 623 dem'
284 580 520 622 Thraciam
555 578 693 620 Tusci
736 579 942 620 carminis
992 585 1297 634 argumentum
1338 576 1605 633 significare,

146 674 258 711 non,
312 668 360 700 ut
401 658 627 701 intellexit
666 657 736 698 hic
774 656 931 708 homo,
988 655 1182 712 puellam
1223 655 1278 697 ab
1320 658 1414 712 ipso
1456 656 1603 698 Tusco

144 747 346 780 amatam.
404 738 493 788 Qui
525 744 765 792 sequuntur
796 748 951 776 versus
979 735 1034 775 21
1062 742 1105 775 et
1131 735 1202 784 22,
1233 734 1286 775 de
1317 735 1365 775 P.
1388 735 1603 776 Varronis

145 817 321 859 Atacini
350 816 660 872 Argonauticis
689 812 882 868 intelligi
913 811 1072 864 solent,
1101 828 1129 853 a
1160 811 1465 855 Wernsdorfio
1482 815 1522 864 ¹)
1552 814 1606 854 (le

146 894 270 936 libris
316 897 410 936 eius
453 891 684 934 navalibus
721 889 1052 945 intelliguntur,
1106 903 1215 945 quos
1260 889 1499 931 Schneider
1540 890 1605 951 M·

146 972 359 1014 Varronis
393 971 553 1021 fuisse,
596 970 691 1009 iure
736 967 909 1008 videtur
942 967 1203 1009 contendere
1220 968 1278 1019 2>.
1344 968 1430 1010 Sed
1462 968 1607 1010 Varro

145 1049 383 1100 Atacinus,
419 1062 547 1104 quem
580 1046 784 1089 Velleius
816 1060 913 1088 cum
942 1045 1149 1087 Lucretio
1182 1047 1432 1102 coniungit,
1464 1046 1607 1088 Hora-

144 1129 231 1168 tius
262 1129 307 1168 in
340 1128 485 1168 satiris
516 1134 734 1167 mortuum
762 1122 1009 1181 significat,
1036 1123 1255 1180 Virgilius
1284 1126 1479 1165 imitatus
1507 1139 1604 1166 esse

145 1204 302 1247 dicitur
318 1207 383 1257 ³),
414 1206 633 1260 antiquior
661 1204 768 1255 fuit,
804 1217 934 1259 quam
965 1211 1013 1243 ut
1046 1204 1159 1244 inter
1182 1203 1261 1244 hos
1286 1202 1436 1244 Ovidii
1462 1218 1606 1259 aequa-

145 1283 212 1325 les
233 1283 376 1324 locum
399 1282 559 1324 habeat
570 1284 628 1334 4).
686 1282 735 1323 Id
761 1280 900 1322 multo
925 1282 1065 1336 magis
1095 1280 1359 1336 intelligitur
1383 1296 1444 1322 ex
1471 1281 1602 1323 Ovid-

147 1360 246 1403 Am.
275 1363 316 1411 1,
344 1363 411 1412 15,
434 1364 487 1402 21
514 1371 557 1402 et
577 1363 648 1412 22,
678 1360 754 1402 ubi
783 1359 929 1401 Varro
961 1358 1085 1400 Attio
1119 1357 1362 1409 subiicitur,
1395 1358 1602 1400 Lucretio

145 1440 423 1496 praeponitur.
478 1439 630 1495 Itaque
662 1438 893 1480 Cornelius
922 1435 1073 1492 Nepos
1114 1439 1160 1477 in
1192 1438 1269 1477 vit.
1299 1436 1438 1477 Attici
1481 1451 1517 1477 c.
1547 1439 1602 1478 12

141 1523 245 1572 port
278 1515 530 1558 Lucretium
574 1523 616 1558 et
650 1516 818 1558 Catulla·
856 1520 1032 1556 mortem
1070 1514 1201 1565 dicit,
1248 1527 1324 1554 eos
1362 1514 1604 1570 appellans,

145 1596 219 1651 qui
248 1609 386 1651 nuper
415 1596 602 1647 fuerant,
629 1595 847 1646 Varrone,
870 1594 944 1650 qui
968 1601 1094 1634 aetate
1118 1593 1326 1634 remotior
1346 1601 1465 1644 erat,
1495 1607 1604 1649 prae-

146 1675 360 1715 termisso.
422 1673 639 1730 Apuleius
671 1674 719 1715 P.
751 1673 1009 1715 Terentium
1043 1671 1291 1713 Varronem
1336 1686 1422 1713 non
1465 1674 1604 1713 nomi-

146 1759 247 1792 nato
294 1766 426 1806 opere
471 1751 620 1793 laudat
655 1767 698 1808 p.
737 1754 767 1793 6
820 1755 844 1804 ξ
888 1753 967 1802 ll,
1028 1750 1144 1806 quod
1188 1749 1289 1791 hinc
1333 1764 1388 1790 an
1426 1748 1603 1791 aliunde

145 1831 393 1885 sumpserit,
422 1832 649 1873 incertum.
680 1830 769 1873 Sed
797 1830 911 1887 apud
939 1829 1148 1872 Ovidium
1172 1829 1379 1885 «sequitur
1407 1827 1478 1870 hic
1506 1843 1605 1870 ver-

144 1920 220 1950 sus
248 1910 364 1960 <23):

239 1985 413 2042 Quique
444 1989 558 2027 acies
588 1987 775 2041 Lybicas
808 1986 1089 2040 Romanaque
1125 1983 1294 2038 proelia
1338 1984 1479 2031 dixit;

179 2178 215 2222 ¹)
242 2178 348 2212 Poet.
375 2177 455 2210 Lat.
483 2175 573 2210 Min.
601 2175 629 2210 1.
657 2189 692 2220 p.
724 2175 793 2209 151
816 2187 892 2219 sqq.
920 2175 963 2216 V,
988 2173 1011 2208 3
1036 2186 1070 2219 p.
1097 2172 1188 2207 1387
1220 2184 1297 2218 sqq.
1373 2173 1444 2218 [De
1471 2173 1602 2208 eodem

242 2237 506 2283 intelligendos
532 2248 610 2271 csse
635 2246 784 2277 versus,
818 2236 926 2269 dubio
952 2247 1075 2269 carcre
1100 2239 1207 2280 putat
1231 2235 1273 2268 A.
1301 2235 1519 2276 lVeichert,
1555 2234 1604 2267 de

241 2298 375 2333 nostin
401 2298 519 2333 Poeta
543 2311 578 2344 p.
606 2298 662 2332 11.
691 2301 768 2332 not.
804 2297 842 2331 in
870 2298 993 2331 Poett.
1016 2298 1114 2330 Latt.
1143 2296 1216 2330 Vit.
1249 2300 1288 2331 et
1314 2297 1437 2331 Car-m.
1477 2294 1601 2339 reliq„

241 2371 406 2406 prorsus,
433 2360 531 2405 quod
551 2361 687 2402 obstat,
714 2371 787 2393 non
813 2359 1115 2394 animadvertens
1137 2371 1206 2393 nec
1225 2359 1429 2405 quidquam
1444 2357 1603 2397 habens,

242 2433 309 2455 cur
337 2425 416 2455 tam
441 2421 678 2455 affirmanter
705 2421 910 2467 loquatur]

176 2483 216 2528 ²)
241 2482 279 2517 in
306 2483 512 2518 comment.
541 2484 586 2517 dc
611 2484 691 2518 vita
714 2484 766 2518 Μ.
783 2481 953 2518 Terentii
979 2482 1158 2517 Varronis
1173 2481 1327 2518 Reatini
1350 2480 1420 2517 &a
1447 2479 1599 2524 Scriptt.

242 2544 314 2579 Rei
339 2546 446 2579 Rust.
474 2546 515 2579 V.
546 2545 578 2579 1.
605 2546 650 2583 Γ.
678 2545 726 2579 11.

178 2608 217 2650 3)
244 2606 317 2641 vid.
342 2607 556 2641 testimonia
579 2608 678 2652 apud
703 2607 874 2641 Wernsd.
893 2607 936 2648 V,
960 2604 994 2641 3.
1022 2618 1057 2651 p.
1083 2604 1175 2639 1398
1200 2616 1277 2650 sqq.
1306 2606 1343 2638 et
1367 2601 1470 2636 1110.

177 2669 218 2713 ⁴)
244 2668 315 2710 At,
341 2668 372 2702 si
399 2670 517 2702 Varro
543 2679 615 2702 non
638 2667 900 2713 intelligatur,
924 2667 1150 2701 Wernsdorf
1172 2666 1321 2706 obiicit,
1347 2664 1484 2698 mirum
1511 2671 1602 2702 csse,

242 2729 478 2763 intercidisse
503 2729 654 2763 omnino
685 2733 762 2763 tam
788 2729 922 2763 eximie
955 2727 1103 2763 laudati
1135 2732 1252 2773 poeta:
1288 2736 1434 2760 nomen.
1506 2722 1606 2766 Quid

242 2790 392 2833 Tusco,
443 2790 531 2836 quid
555 2790 679 2825 Mario
717 2791 860 2825 sactum
895 2794 1010 2832 esset,
1059 2789 1091 2824 si
1115 2789 1270 2824 Ovidius
1298 2797 1427 2821 corum
1453 2783 1606 2818 nomina

248 2851 451 2894 pressisset,
473 2854 510 2886 et
533 2862 595 2887 cos
615 2850 863 2898 significasset
879 2850 1056 2888 tantum?
1081 2851 1174 2897 Quis
1194 2849 1345 2886 nomina
1365 2844 1582 2882 divinaret?

1299 2915 1345 2950 2*
