1981 3390
1439 280 1538 330 249

160 413 297 458 erant,
329 412 372 446 et
402 405 457 446 ad
487 413 560 446 eas
590 402 800 454 colonias,
830 413 890 443 ex
921 398 1076 458 quibus
1109 399 1307 442 homines
1339 401 1392 442 ad
1421 401 1609 444 honores

159 496 352 525 summos
378 483 538 523 'evecti
584 481 840 521 nominatim
887 480 1073 521 excitari
1118 486 1314 535 possunt,
1399 478 1609 528 Quaedam

162 563 290 602 nim‘is
323 574 457 615 prava
489 567 586 613 post
607 557 866 599 Trekellum
895 559 1084 599 refutare
1113 557 1240 606 nolo3
1273 571 1421 608 unum,
1453 557 1498 597 in
1524 571 1607 611 quo

163 647 206 678 et
239 636 528 693 Spanhemius
567 634 694 676 valde
726 637 877 676 nititur
919 644 961 676 et
991 634 1229 676 Trekellus
1257 635 1450 692 graviter
1479 641 1609 684 errat,

163 728 268 756 mox
300 714 571 766 apertissime
604 722 752 754 contra
786 713 911 754 illam
944 714 1203 754 sententiam
1235 726 1430 769 pugnare
1468 720 1612 752 osten-

161 791 273 831 dam.
335 789 428 831 Nec
453 805 504 832 ea
528 790 608 832 hoc
629 791 725 831 loco
746 790 961 841 refellam,
995 804 1088 846 quae
1111 790 1189 831 alii
1213 791 1476 846 scripserunt
1500 789 1609 829 miro

162 881 308 908 errore
334 867 526 908 colonias
548 868 744 919 Latinas,
765 881 857 923 quae
882 869 926 908 in
951 867 1219 908 belliPunici
1240 866 1613 908 secundihistoria

163 955 554 987 commemorantur
595 946 708 1000 apud
745 944 920 984 Livium
959 943 1188 995 (XXVII,
1225 945 1278 994 9,
1304 945 1384 990 10;
1427 942 1612 992 XXIX,

164 1022 254 1076 15),
293 1030 367 1062 aut
400 1036 550 1064 omnes
592 1030 667 1062 aut
706 1029 821 1062 certe
855 1020 1094 1061 octodecim
1126 1033 1204 1075 pro
1237 1021 1397 1060 civium
1428 1018 1613 1059 coloniis

160 1098 372 1139 habentes
405 1107 448 1139 et
490 1113 544 1140 ex
588 1112 640 1139 eo
686 1106 943 1153 argumenta
984 1098 1215 1147 ducentes,
1265 1096 1317 1136 de
1351 1111 1435 1152 qua
1461 1111 1507 1137 re
1536 1109 1614 1149 po-

161 1184 256 1217 stea
287 1176 514 1217 'dicendum
546 1177 642 1217 erit.
704 1175 820 1216 Illud
851 1176 1037 1216 fortasse
1068 1188 1154 1215 non
1187 1173 1377 1215 alienum
1411 1175 1492 1216 erit
1525 1187 1616 1214 mo-

164 1255 339 1304 nuisse,
373 1254 485 1309 quod
516 1253 668 1309 populi
699 1267 857 1294 nomen
889 1253 941 1293 de
974 1251 1143 1294 civibus
1177 1251 1445 1293 coloniarum
1478 1249 1617 1292 semel

167 1338 210 1371 et
254 1331 412 1371 iterum
461 1331 637 1385 ponitur
689 1329 830 1383 (velut
884 1330 998 1384 apud
1050 1329 1227 1370 Livium
1273 1327 1484 1378 XXVII,
1545 1329 1615 1377 38,

165 1407 404 1457 XXXVI,
437 1409 465 1447 3
495 1408 547 1448 de
578 1408 830 1457 maritimis,
873 1420 978 1463 quas
1003 1420 1152 1446 omnes
1187 1406 1347 1446 civium
1377 1405 1512 1445 fuisse
1543 1418 1617 1459 pa-

166 1483 318 1535 tebit),
357 1498 443 1525 non
486 1483 752 1539 significari,
796 1497 871 1524 eos
910 1485 1017 1524 iuris
1047 1484 1294 1524 discrimine
1327 1480 1380 1522 ab
1413 1482 1619 1521 universo

164 1560 330 1615 populo
362 1561 570 1601 discretos
600 1561 750 1610 fuisse,
784 1561 860 1601 sed
889 1568 1054 1601 tantum
1089 1569 1256 1601 coetum
1289 1559 1501 1614 quendam
1522 1571 1624 1613 pro-

164 1639 308 1693 prium
341 1645 384 1678 et
414 1638 618 1693 oppidum
649 1637 881 1685 habuisse3
918 1651 1056 1693 eoque
1080 1638 1206 1678 modo
1232 1637 1273 1678 id
1300 1649 1457 1677 nomen
1489 1636 1622 1675 etiam

167 1713 221 1755 de
253 1716 498 1768 municipiis
531 1715 686 1756 dicitur
723 1716 768 1755 in
811 1713 1026 1754 similibus
1058 1714 1190 1765 locis,
1237 1713 1282 1754 id
1324 1721 1418 1763 est,
1463 1710 1538 1751 ubi
1568 1711 1621 1751 de

169 1805 254 1832 uno
290 1806 439 1833 eorum
477 1782 681 1847 tanquam
724 1792 777 1833 de
812 1800 934 1844 parte
976 1791 1124 1847 aliqua
1167 1805 1193 1832 a
1233 1791 1388 1832 ceteris
1426 1790 1623 1829 seiuncta

167 1870 334 1924 agitur3
361 1868 482 1910 velut
521 1869 789 1911 Tusculanas
814 1870 999 1925 populus
1032 1856 1279 1911 nominatur
1312 1866 1422 1919 apud
1447 1866 1623 1907 Livium

167 1945 302 1995 VIII,
329 1947 385 1987 37
406 1947 460 1997 1).
526 1945 750 1988 Ciceronis
787 1946 922 1988 verba
954 1947 999 1988 in
1034 1947 1229 1987 oratione
1264 1952 1412 1985 contra
1444 1941 1623 1983 Rullum

170 2023 358 2063 secunda
387 2025 443 2073 (c.
472 2023 545 2074 27)
575 2036 662 2063 non
695 2023 850 2077 opinor
880 2037 992 2062 nunc
1026 2034 1283 2077 quemquam
1318 2022 1363 2059 in
1399 2032 1493 2058 eam
1525 2031 1623 2057 sen-

172 2100 350 2140 tentiam
381 2107 660 2154 pervertere,
690 2107 737 2139 ut
766 2099 818 2141 de
859 2099 1058 2151 suffragii
1089 2099 1323 2138 amissione
1355 2109 1519 2145 eorum,
1551 2096 1624 2149 qui

171 2178 215 2218 in
247 2175 440 2216 colonias
468 2176 607 2226 irent,
638 2177 886 2230 capiantur,
935 2189 1065 2230 quum
1100 2175 1287 2216 oratorie
1319 2180 1625 2214 enumerentur

170 2251 291 2294 urbis
321 2251 570 2306 commoda,
614 2251 769 2310 quibus
804 2253 945 2294 minus
978 2252 1065 2294 frui
1104 2253 1271 2310 possint
1303 2252 1422 2293 cives
1452 2249 1624 2304 longin-

195 2513 236 2560 ι)
264 2514 415 2549 Veritus
440 2524 545 2556 sum,
580 2524 627 2548 ne
663 2513 745 2559 quis
779 2516 1046 2561 argumentum
1081 2515 1247 2548 sumeret
1275 2523 1318 2546 ex
1346 2511 1469 2546 verbis
1495 2509 1627 2545 Roihii

272 2575 336 2617 (de
361 2586 402 2608 re
429 2586 530 2610 mun.
558 2588 594 2620 p.
622 2575 667 2609 18
691 2575 786 2620 not.)
813 2576 858 2610 (le
887 2576 968 2621 ipsa
993 2587 1057 2617 re,
1099 2586 1211 2620 quam
1236 2576 1397 2611 tractat,
1433 2571 1627 2605 verissime

265 2634 415 2680 positis:
455 2636 576 2669 ”Cum
600 2637 756 2679 populos
781 2636 874 2670 dixit
905 2637 1060 2678 Cicero,
1087 2634 1242 2668 exclusit
1267 2645 1310 2667 eo
1336 2634 1415 2677 ipso
1440 2632 1626 2666 vocabulo

261 2699 300 2729 ct
325 2695 542 2741 segregavit
564 2696 792 2741 municipin3
819 2698 896 2730 haec
914 2697 1011 2730 enim
1030 2696 1158 2742 populi
1176 2694 1337 2729 Romani
1358 2693 1480 2726 sunt.'‘
1524 2690 1628 2723 Dixit

264 2756 365 2790 enim
390 2755 532 2800 plurali
557 2767 712 2792 numero
739 2762 774 2791 ct
798 2758 952 2801 populos
978 2758 1104 2790 socios.
1175 2756 1317 2790 Eodem
1343 2753 1451 2787 modo
1476 2762 1533 2784 res
1555 2762 1626 2794 pu-

264 2816 367 2850 blicoe
402 2815 692 2863 municipiorum
726 2817 857 2865 sapius
893 2817 1155 2858 nominantur,
1192 2817 1297 2852 velut
1329 2814 1404 2850 Cic.
1446 2813 1493 2848 ad
1520 2812 1625 2848 Fam.

266 2874 379 2918 1111.
405 2876 460 2911 11.
