1981 3390
417 223 516 271 240

354 357 447 387 rum
479 343 694 384 sociorum
723 339 993 392 foederibus,
1033 343 1105 395 qui
1140 348 1290 396 postea
1323 340 1578 396 aequissimis
1618 338 1788 396 legibus

353 419 514 477 populo
543 418 738 460 Romano
765 417 991 473 parebant,
1019 417 1214 473 reliquiae
1241 418 1432 473 quaedam
1451 418 1639 458 fuerunt.
1699 415 1792 458 Nec

355 500 422 549 (ut
443 511 494 538 eo
525 496 720 546 redeam,
757 495 868 535 unde
900 494 1119 549 digressus
1151 495 1264 547 sum)
1295 494 1496 536 Caeritum
1525 493 1790 549 exemplum,

357 588 440 629 quo
457 573 650 627 plerique
668 580 860 620 utuntur,
884 578 930 609 ut
954 572 1142 611 civitatis
1160 573 1252 611 sine
1270 573 1480 626 suffragio
1499 572 1794 612 condicionem

357 649 588 705 optabilem
621 648 754 687 fuisse
787 647 1028 697 ostendant,
1059 655 1107 687 ut
1138 661 1229 701 quae
1261 647 1350 688 illis
1380 650 1529 702 gratiae
1556 648 1794 688 referendae

356 740 486 768 causa
515 725 613 764 data
642 725 725 773 sit,
769 722 904 763 ullam
933 722 1063 763 habet
1098 725 1197 763 vim.
1267 723 1337 764 Ad
1379 724 1468 764 alia
1508 726 1623 765 enim
1660 724 1792 780 longe

357 812 574 856 tempora,
615 813 742 855 quam
770 799 1005 854 hospitium
1039 800 1145 853 (vid.
1176 813 1292 853 supr.
1323 815 1365 854 p.
1404 802 1472 851 12)
1502 814 1597 841 cum
1631 799 1797 841 Caeriti-

357 878 439 920 bus
469 887 566 934 post
594 876 839 917 incendium
870 875 989 917 urbis
1020 876 1235 917 Gallicum
1264 877 1450 927 factum,
1480 877 1667 932 pertinet
1693 878 1799 917 civi-

358 965 424 996 tas
457 957 550 996 sine
584 955 794 1007 suffragio
824 955 877 993 iis
908 954 1034 1003 data,
1067 953 1147 993 hoc
1180 962 1269 1003 est,
1303 952 1493 994 subactis
1526 953 1798 1008 imposita1).

357 1033 456 1075 Una
501 1040 711 1087 praeterea
760 1030 864 1071 urbs
909 1029 1226 1084 Campanorum
1275 1029 1587 1070 dubitationem
1632 1030 1799 1071 adferre

357 1110 555 1159 videtur,
605 1116 692 1148 tam
733 1107 965 1162 opulenta,
1012 1115 1184 1161 tamque
1227 1106 1441 1147 obstinate
1481 1106 1596 1147 bello
1636 1107 1799 1147 Punico

359 1186 546 1228 secundo
579 1185 789 1225 adversus
819 1184 1036 1224 Romanos
1067 1196 1279 1238 pugnans.
1359 1184 1446 1224 Sed
1490 1182 1692 1235 splendor
1723 1182 1800 1223 ille

360 1271 403 1304 et
444 1276 547 1317 opes
591 1269 757 1302 tantum
798 1274 892 1299 eam
939 1261 1025 1299 vim
1065 1258 1307 1308 habebant,
1350 1267 1397 1299 ut
1439 1261 1579 1299 minus
1624 1258 1801 1299 ferenda

361 1339 579 1380 videretur
617 1338 702 1376 ista
732 1335 907 1391 publica
937 1335 1155 1385 condicio,
1195 1343 1238 1375 et
1277 1334 1368 1376 haec
1405 1337 1502 1390 ipsa
1542 1335 1630 1375 odii
1672 1349 1802 1376 causa

359 1415 457 1456 fuit.
521 1414 690 1470 (Itaque
731 1415 818 1454 iam
859 1421 958 1454 ante
995 1421 1196 1466 suspecta
1230 1414 1386 1467 saepius
1416 1413 1621 1454 Romanis
1653 1411 1803 1467 Capua

359 1492 468 1542 fuit,
497 1499 544 1531 ut
575 1505 614 1532 a.
643 1492 727 1531 314
758 1490 873 1542 (Liv.
902 1489 996 1540 lx,
1040 1491 1127 1540 26).
1205 1489 1330 1538 Quod
1369 1491 1647 1543 magistratus
1679 1503 1802 1529 sena-

452 1672 604 1713 ruptum
628 1665 794 1711 proximo
821 1675 967 1713 quoque
989 1675 1101 1699 versu
1123 1663 1323 1708 repetitum
1351 1676 1450 1707 esse,
1485 1665 1551 1699 ubi
1573 1665 1803 1700 additamen-

455 1733 535 1763 tum
561 1727 686 1772 arguit
710 1725 979 1759 vetustissimus
1015 1725 1128 1759 codex
1165 1725 1377 1765 Puteanus,
1413 1726 1452 1759 in
1491 1737 1563 1770 quo
1601 1726 1801 1760 scribitur:

444 1786 1065 1830 forentduclmunieipiorumagliuti‚
1110 1785 1167 1820 bis
1210 1784 1330 1829 posita
1373 1785 1494 1829 prima
1540 1786 1642 1820 vocis
1685 1786 1808 1819 adiuti

452 1848 611 1892 syllaba.
679 1845 896 1880 perversius
932 1845 1044 1880 etiam
1080 1845 1134 1887 (ΙΙ
1160 1858 1195 1889 p.
1221 1844 1285 1887 61)
1307 1844 1516 1879 istiusmodi
1543 1845 1680 1890 oppida
1705 1847 1805 1890 apud

453 1907 666 1950 Appianum
691 1905 897 1950 significari
922 1905 1067 1950 putavit
1091 1905 1154 1947 (B.
1183 1904 1260 1937 Civ.
1288 1904 1324 1946 Ι,
1351 1905 1435 1947 10),
1463 1906 1526 1939 ubi
1554 1905 1583 1938 is
1609 1905 1704 1938 cives
1726 1906 1805 1939 Ro-

453 1977 582 2000 manos
619 1976 660 1998 cx
695 1965 899 2009 municipiis
933 1969 968 1998 et
993 1965 1164 2003 coloniis,
1198 1964 1282 2008 agri
1315 1965 1457 2009 publici
1492 1976 1738 2009 possessores,
1767 1965 1806 1999 in

454 2027 586 2060 urbem
626 2025 906 2066 convenientes,
943 2029 984 2058 ut
1017 2026 1063 2058 de
1100 2025 1146 2058 T.
1179 2024 1340 2058 Gracchi
1378 2024 1464 2069 lege
1492 2025 1645 2071 agraria
1668 2025 1803 2068 suffra-

453 2088 558 2131 gium
585 2087 750 2127 ferrent,
777 2085 1074 2129 commemorat]

391 2149 428 2191 1)
457 2149 631 2181 Ceterum
668 2148 845 2179 eodemne
880 2151 1069 2189 tempore,
1109 2156 1181 2190 quo
1214 2144 1341 2179 Livius
1366 2146 1454 2186 VII,
1492 2145 1538 2179 20
1569 2146 1613 2180 iis
1640 2146 1808 2181 inducias

458 2213 605 2240 centum
635 2218 818 2240 annorum
852 2206 958 2239 datas
983 2209 1112 2238 narrat
1148 2207 1198 2247 (a.
1225 2205 1334 2248 353),
1367 2205 1464 2239 cives
1493 2205 1586 2240 facti
1621 2206 1712 2246 sint,
1748 2206 1806 2239 in-

460 2271 602 2300 certum
616 2270 680 2299 est.
741 2266 844 2298 Adde
858 2265 928 2298 Dio
944 2265 1042 2298 Cass.
1056 2265 1193 2308 fragm.
1208 2265 1287 2298 142.
1331 2266 1555 2299 Memoriam
1565 2265 1657 2298 alibi
1673 2266 1805 2298 obscu-

455 2330 578 2359 ratam
619 2324 853 2358 conservavit
898 2323 1014 2355 ctiam
1058 2323 1257 2355 Scholiast.
1298 2324 1533 2366 Cruquianus
1580 2325 1626 2357 ud
1668 2325 1802 2359 Horat.

454 2384 571 2428 Epist.
603 2384 641 2423 Ι,
667 2384 712 2424 6,
739 2382 804 2417 62:
832 2399 876 2407 —
912 2393 989 2425 quae
1014 2383 1156 2423 (sacra)
1184 2393 1290 2424 quum
1315 2388 1519 2415 servassent
1545 2384 1713 2427 integra,
1735 2397 1805 2428 pro

457 2456 497 2478 eo
533 2443 704 2485 beneficio
744 2442 889 2476 Caerites
924 2442 1071 2474 civitate
1104 2442 1232 2474 donati
1255 2446 1362 2480 sunt,
1401 2443 1666 2487 municipesque
1695 2446 1803 2486 sacti.

459 2505 505 2538 At
537 2508 771 2546 posteaquam
803 2506 887 2535 sunt
925 2501 1008 2534 ausi
1031 2501 1202 2534 Romanis
1237 2502 1436 2541 rebellare,
1470 2504 1520 2536 c1's
1557 2505 1707 2537 devietis
1738 2506 1804 2538 ile-

456 2575 604 2607 rumque
637 2564 785 2596 eritute
811 2561 953 2595 donalae's
989 2561 1045 2594 ius
1081 2561 1341 2605 suffugies-um
1375 2563 1582 2606 ademptura
1625 2569 1679 2598 cst
1713 2566 1807 2608 (hoc

458 2636 530 2659 non
557 2625 730 2658 accurate
749 2621 928 2664 seriptum
963 2623 1054 2662 σείς)
1089 2633 1283 2665 censusque
1309 2634 1428 2655 eorum
1453 2624 1489 2655 in
1521 2624 1667 2657 tubulas
1698 2625 1809 2658 relati

460 2689 494 2719 et
519 2696 542 2718 a
567 2688 763 2717 ceterorum
796 2681 958 2715 censibus
992 2682 1120 2714 remoti
1148 2686 1242 2715 suut.
1307 2684 1434 2726 ltaque
1461 2684 1560 2717 Caere
1586 2685 1807 2728 praescctura

458 2744 531 2779 fuit
555 2743 648 2787 (vid.
675 2743 770 2778 Fest.
796 2753 823 2778 s.
856 2752 889 2776 v.
912 2743 1166 2785 proescetura).
1226 2742 1460 2778 Confusionis
1495 2743 1641 2779 Gellius
1677 2749 1807 2779 auctor

457 2804 582 2849 (XVI,
615 2802 686 2847 13).
