<?xml version="1.0" encoding="UTF-8"?>
<!DOCTYPE html PUBLIC "-//W3C//DTD XHTML 1.0 Transitional//EN"
    "http://www.w3.org/TR/xhtml1/DTD/xhtml1-transitional.dtd">
<html xmlns="http://www.w3.org/1999/xhtml" xml:lang="en" lang="en">
 <head>
  <title>
</title>
<meta http-equiv="Content-Type" content="text/html;charset=utf-8" />
  <meta name='ocr-system' content='tesseract 3.04.00' />
  <meta name='ocr-capabilities' content='ocr_page ocr_carea ocr_par ocr_line ocrx_word'/>
</head>
<body>
  <div class='ocr_page' id='page_1' title='image "./ionicolaimadvigi01madvuoft_0471.png"; bbox 0 0 1981 3390; ppageno 0'>
   <div class='ocr_carea' id='block_1_1' title="bbox 0 0 8 1651">
    <p class='ocr_par' dir='ltr' id='par_1_1' title="bbox 0 0 8 1651">
     <span class='ocr_line' id='line_1_1' title="bbox 0 0 8 1651; textangle 90"><span class='ocrx_word' id='word_1_1' title='bbox 0 1479 8 1651; x_wconf 40' lang='grc' dir='ltr'>Ἲπῖτᾼ</span> <span class='ocrx_word' id='word_1_2' title='bbox 0 1455 1 1469; x_wconf 44' lang='grc' dir='ltr'><em>ᾼ</em></span> <span class='ocrx_word' id='word_1_3' title='bbox 0 1410 8 1446; x_wconf 28' lang='grc' dir='ltr'>’,Γῆ</span> <span class='ocrx_word' id='word_1_4' title='bbox 0 1387 1 1390; x_wconf 31' lang='grc' dir='ltr'><em>Α</em></span> <span class='ocrx_word' id='word_1_5' title='bbox 0 1349 7 1364; x_wconf 65' lang='lat' dir='ltr'>v.</span> <span class='ocrx_word' id='word_1_6' title='bbox 3 1343 7 1349; x_wconf 87' lang='lat'>.</span> <span class='ocrx_word' id='word_1_7' title='bbox 0 1009 8 1335; x_wconf 41' lang='lat' dir='ltr'>gffimffffiurgmz-:ra</span> <span class='ocrx_word' id='word_1_8' title='bbox 0 990 6 1009; x_wconf 62' lang='grc' dir='ltr'>-ν</span> <span class='ocrx_word' id='word_1_9' title='bbox 0 858 7 987; x_wconf 57' lang='lat' dir='ltr'>m</span> <span class='ocrx_word' id='word_1_10' title='bbox 0 666 7 846; x_wconf 62' lang='lat'>»--——-·—-</span> <span class='ocrx_word' id='word_1_11' title='bbox 1 638 4 655; x_wconf 44' lang='lat' dir='ltr'>&gt;r</span> <span class='ocrx_word' id='word_1_12' title='bbox 0 481 5 629; x_wconf 43' lang='grc' dir='ltr'>»ὐ-ν-Α-</span> <span class='ocrx_word' id='word_1_13' title='bbox 0 451 3 469; x_wconf 86' lang='grc'>-</span> <span class='ocrx_word' id='word_1_14' title='bbox 1 354 6 441; x_wconf 55' lang='lat' dir='ltr'>——u-</span> <span class='ocrx_word' id='word_1_15' title='bbox 2 261 5 343; x_wconf 85' lang='lat'>—-</span> <span class='ocrx_word' id='word_1_16' title='bbox 1 217 5 246; x_wconf 64' lang='grc' dir='ltr'>ν-</span> <span class='ocrx_word' id='word_1_17' title='bbox 0 0 7 176; x_wconf 44' lang='lat'>*0—-4-0—</span> 
     </span>
    </p>
   </div>
   <div class='ocr_carea' id='block_1_2' title="bbox 1458 296 1557 347">
    <p class='ocr_par' dir='ltr' id='par_1_2' title="bbox 1458 296 1557 347">
     <span class='ocr_line' id='line_1_2' title="bbox 1458 296 1557 347; baseline 0 0"><span class='ocrx_word' id='word_1_18' title='bbox 1458 296 1557 347; x_wconf 74' lang='lat'>457</span> 
     </span>
    </p>
   </div>
   <div class='ocr_carea' id='block_1_3' title="bbox 170 413 1630 2475">
    <p class='ocr_par' dir='ltr' id='par_1_3' title="bbox 170 413 1627 1706">
     <span class='ocr_line' id='line_1_3' title="bbox 175 413 1627 474; baseline 0.002 -16"><span class='ocrx_word' id='word_1_19' title='bbox 175 418 319 459; x_wconf 85' lang='lat' dir='ltr'>tonius</span> <span class='ocrx_word' id='word_1_20' title='bbox 352 418 568 473; x_wconf 78' lang='lat' dir='ltr'>disputat,</span> <span class='ocrx_word' id='word_1_21' title='bbox 600 417 645 456; x_wconf 80' lang='lat' dir='ltr'>in</span> <span class='ocrx_word' id='word_1_22' title='bbox 678 414 924 456; x_wconf 74' lang='lat' dir='ltr'>narratione</span> <span class='ocrx_word' id='word_1_23' title='bbox 961 413 1169 456; x_wconf 84' lang='lat' dir='ltr'>historica</span> <span class='ocrx_word' id='word_1_24' title='bbox 1199 418 1400 468; x_wconf 68' lang='lat' dir='ltr'>praesenti</span> <span class='ocrx_word' id='word_1_25' title='bbox 1443 421 1627 474; x_wconf 78' lang='lat' dir='ltr'>tempori</span> 
     </span>
     <span class='ocr_line' id='line_1_4' title="bbox 173 491 1625 549; baseline 0.001 -13"><span class='ocrx_word' id='word_1_26' title='bbox 173 497 437 549; x_wconf 65' lang='lat' dir='ltr'>praeteritum</span> <span class='ocrx_word' id='word_1_27' title='bbox 487 492 644 534; x_wconf 88' lang='lat' dir='ltr'>subiici</span> <span class='ocrx_word' id='word_1_28' title='bbox 684 492 931 532; x_wconf 85' lang='lat' dir='ltr'>ostendens.</span> <span class='ocrx_word' id='word_1_29' title='bbox 1006 491 1250 534; x_wconf 84' lang='lat' dir='ltr'>Verborum</span> <span class='ocrx_word' id='word_1_30' title='bbox 1292 507 1503 548; x_wconf 80' lang='lat' dir='ltr'>parumne</span> <span class='ocrx_word' id='word_1_31' title='bbox 1546 503 1625 545; x_wconf 73' lang='lat' dir='ltr'>est,</span> 
     </span>
     <span class='ocr_line' id='line_1_5' title="bbox 173 561 1624 626; baseline 0 -13"><span class='ocrx_word' id='word_1_32' title='bbox 173 572 228 613; x_wconf 82' lang='lat' dir='ltr'>ad</span> <span class='ocrx_word' id='word_1_33' title='bbox 258 561 352 626; x_wconf 40' lang='lat' dir='ltr'>‘quae</span> <span class='ocrx_word' id='word_1_34' title='bbox 383 569 574 611; x_wconf 80' lang='lat' dir='ltr'>Orellius</span> <span class='ocrx_word' id='word_1_35' title='bbox 614 568 704 610; x_wconf 83' lang='lat' dir='ltr'>haec</span> <span class='ocrx_word' id='word_1_36' title='bbox 733 569 888 618; x_wconf 82' lang='lat' dir='ltr'>refert,</span> <span class='ocrx_word' id='word_1_37' title='bbox 932 568 1064 626; x_wconf 88' lang='lat' dir='ltr'>longe</span> <span class='ocrx_word' id='word_1_38' title='bbox 1103 570 1232 612; x_wconf 81' lang='lat' dir='ltr'>aliam</span> <span class='ocrx_word' id='word_1_39' title='bbox 1272 586 1369 613; x_wconf 86' lang='lat' dir='ltr'>esse</span> <span class='ocrx_word' id='word_1_40' title='bbox 1412 573 1624 614; x_wconf 81' lang='lat' dir='ltr'>rationem</span> 
     </span>
     <span class='ocr_line' id='line_1_6' title="bbox 171 646 1625 701; baseline 0.002 -13"><span class='ocrx_word' id='word_1_41' title='bbox 171 656 313 700; x_wconf 82' lang='lat' dir='ltr'>patet;</span> <span class='ocrx_word' id='word_1_42' title='bbox 351 646 491 687; x_wconf 90' lang='lat' dir='ltr'>simile</span> <span class='ocrx_word' id='word_1_43' title='bbox 526 655 667 697; x_wconf 87' lang='lat' dir='ltr'>esset,</span> <span class='ocrx_word' id='word_1_44' title='bbox 699 647 738 687; x_wconf 85' lang='lat' dir='ltr'>si</span> <span class='ocrx_word' id='word_1_45' title='bbox 769 648 976 701; x_wconf 86' lang='lat' dir='ltr'>scriptum</span> <span class='ocrx_word' id='word_1_46' title='bbox 1007 656 1122 688; x_wconf 89' lang='lat' dir='ltr'>esset</span> <span class='ocrx_word' id='word_1_47' title='bbox 1146 648 1299 698; x_wconf 71' lang='lat' dir='ltr'><em>fallis.</em></span> <span class='ocrx_word' id='word_1_48' title='bbox 1377 649 1558 691; x_wconf 79' lang='lat' dir='ltr'>Audeas</span> <span class='ocrx_word' id='word_1_49' title='bbox 1587 651 1625 690; x_wconf 85' lang='lat' dir='ltr'>si</span> 
     </span>
     <span class='ocr_line' id='line_1_7' title="bbox 171 719 1624 782; baseline 0.003 -19"><span class='ocrx_word' id='word_1_50' title='bbox 171 725 265 778; x_wconf 88' lang='lat' dir='ltr'>quis</span> <span class='ocrx_word' id='word_1_51' title='bbox 294 724 525 764; x_wconf 86' lang='lat' dir='ltr'>defendere</span> <span class='ocrx_word' id='word_1_52' title='bbox 560 723 702 774; x_wconf 89' lang='lat' dir='ltr'>volet,</span> <span class='ocrx_word' id='word_1_53' title='bbox 747 719 1035 773; x_wconf 63' lang='grc' dir='ltr'>’ὑποθετικῶς</span> <span class='ocrx_word' id='word_1_54' title='bbox 1068 734 1110 766; x_wconf 88' lang='lat' dir='ltr'>et</span> <span class='ocrx_word' id='word_1_55' title='bbox 1143 725 1407 782; x_wconf 83' lang='lat' dir='ltr'>generaliter</span> <span class='ocrx_word' id='word_1_56' title='bbox 1433 729 1624 782; x_wconf 86' lang='lat' dir='ltr'>positum</span> 
     </span>
     <span class='ocr_line' id='line_1_8' title="bbox 170 800 1622 858; baseline 0.003 -17"><span class='ocrx_word' id='word_1_57' title='bbox 170 800 308 851; x_wconf 88' lang='lat' dir='ltr'>dicet,</span> <span class='ocrx_word' id='word_1_58' title='bbox 339 810 381 842; x_wconf 88' lang='lat' dir='ltr'>et</span> <span class='ocrx_word' id='word_1_59' title='bbox 411 810 554 841; x_wconf 87' lang='lat' dir='ltr'>tamen</span> <span class='ocrx_word' id='word_1_60' title='bbox 588 802 872 857; x_wconf 82' lang='lat' dir='ltr'>redarguetur</span> <span class='ocrx_word' id='word_1_61' title='bbox 904 803 1166 858; x_wconf 85' lang='lat' dir='ltr'>imperfectis</span> <span class='ocrx_word' id='word_1_62' title='bbox 1197 803 1418 845; x_wconf 82' lang='lat' dir='ltr'>subiectis.</span> <span class='ocrx_word' id='word_1_63' title='bbox 1484 804 1622 846; x_wconf 87' lang='lat' dir='ltr'>Paulo</span> 
     </span>
     <span class='ocr_line' id='line_1_9' title="bbox 170 877 1622 936; baseline 0.003 -18"><span class='ocrx_word' id='word_1_64' title='bbox 170 887 269 931; x_wconf 88' lang='lat' dir='ltr'>post</span> <span class='ocrx_word' id='word_1_65' title='bbox 286 881 308 929; x_wconf 65' lang='grc' dir='ltr'><strong>ς</strong></span> <span class='ocrx_word' id='word_1_66' title='bbox 328 880 382 919; x_wconf 82' lang='lat'>33</span> <span class='ocrx_word' id='word_1_67' title='bbox 402 893 486 919; x_wconf 92' lang='lat' dir='ltr'>non</span> <span class='ocrx_word' id='word_1_68' title='bbox 504 877 668 930; x_wconf 91' lang='lat' dir='ltr'>dubito,</span> <span class='ocrx_word' id='word_1_69' title='bbox 697 881 797 933; x_wconf 90' lang='lat' dir='ltr'>quin</span> <span class='ocrx_word' id='word_1_70' title='bbox 829 881 873 919; x_wconf 92' lang='lat' dir='ltr'>in</span> <span class='ocrx_word' id='word_1_71' title='bbox 903 879 982 920; x_wconf 85' lang='lat' dir='ltr'>hac</span> <span class='ocrx_word' id='word_1_72' title='bbox 1004 882 1242 922; x_wconf 85' lang='lat' dir='ltr'>sententia:</span> <span class='ocrx_word' id='word_1_73' title='bbox 1274 895 1328 921; x_wconf 80' lang='lat' dir='ltr'>ne</span> <span class='ocrx_word' id='word_1_74' title='bbox 1344 885 1422 921; x_wconf 72' lang='lat' dir='ltr'><em>ish-⁰</em></span> <span class='ocrx_word' id='word_1_75' title='bbox 1438 882 1622 936; x_wconf 77' lang='lat' dir='ltr'>quidem,</span> 
     </span>
     <span class='ocr_line' id='line_1_10' title="bbox 172 956 1621 1010; baseline 0.003 -15"><span class='ocrx_word' id='word_1_76' title='bbox 172 969 275 1009; x_wconf 65' lang='lat' dir='ltr'>quos</span> <span class='ocrx_word' id='word_1_77' title='bbox 304 957 470 1010; x_wconf 67' lang='lat' dir='ltr'>legatos</span> <span class='ocrx_word' id='word_1_78' title='bbox 504 969 589 996; x_wconf 82' lang='lat' dir='ltr'>non</span> <span class='ocrx_word' id='word_1_79' title='bbox 622 956 743 996; x_wconf 79' lang='lat' dir='ltr'>modo</span> <span class='ocrx_word' id='word_1_80' title='bbox 776 957 894 996; x_wconf 78' lang='lat' dir='ltr'>nullo</span> <span class='ocrx_word' id='word_1_81' title='bbox 934 958 1332 1008; x_wconf 72' lang='lat' dir='ltr'>senatusconsulto,</span> <span class='ocrx_word' id='word_1_82' title='bbox 1383 958 1462 998; x_wconf 74' lang='lat' dir='ltr'>secl</span> <span class='ocrx_word' id='word_1_83' title='bbox 1490 962 1621 999; x_wconf 73' lang='lat' dir='ltr'>etiam</span> 
     </span>
     <span class='ocr_line' id='line_1_11' title="bbox 171 1031 1622 1090; baseline 0.002 -18"><span class='ocrx_word' id='word_1_84' title='bbox 171 1038 441 1086; x_wconf 78' lang='lat' dir='ltr'>repugnante</span> <span class='ocrx_word' id='word_1_85' title='bbox 482 1037 635 1073; x_wconf 76' lang='lat' dir='ltr'>senatu</span> <span class='ocrx_word' id='word_1_86' title='bbox 675 1031 760 1072; x_wconf 69' lang='lat' dir='ltr'>tibi</span> <span class='ocrx_word' id='word_1_87' title='bbox 800 1037 891 1072; x_wconf 76' lang='lat' dir='ltr'>tute</span> <span class='ocrx_word' id='word_1_88' title='bbox 929 1033 1120 1086; x_wconf 70' lang='lat' dir='ltr'>legasti?</span> <span class='ocrx_word' id='word_1_89' title='bbox 1157 1057 1214 1065; x_wconf 89' lang='lat'>—</span> <span class='ocrx_word' id='word_1_90' title='bbox 1256 1035 1383 1088; x_wconf 87' lang='lat' dir='ltr'>quin,</span> <span class='ocrx_word' id='word_1_91' title='bbox 1431 1035 1622 1090; x_wconf 87' lang='lat' dir='ltr'>inquam,</span> 
     </span>
     <span class='ocr_line' id='line_1_12' title="bbox 172 1106 1622 1164; baseline 0.002 -14"><span class='ocrx_word' id='word_1_92' title='bbox 172 1111 398 1150; x_wconf 83' lang='lat' dir='ltr'>verissime</span> <span class='ocrx_word' id='word_1_93' title='bbox 429 1108 492 1149; x_wconf 85' lang='lat' dir='ltr'>Io.</span> <span class='ocrx_word' id='word_1_94' title='bbox 523 1108 639 1149; x_wconf 89' lang='lat' dir='ltr'>Frid.</span> <span class='ocrx_word' id='word_1_95' title='bbox 675 1106 923 1149; x_wconf 86' lang='lat' dir='ltr'>Gronovius</span> <span class='ocrx_word' id='word_1_96' title='bbox 954 1111 1121 1164; x_wconf 78' lang='lat' dir='ltr'>legatos</span> <span class='ocrx_word' id='word_1_97' title='bbox 1153 1110 1250 1151; x_wconf 86' lang='lat' dir='ltr'>tolli</span> <span class='ocrx_word' id='word_1_98' title='bbox 1295 1110 1505 1163; x_wconf 80' lang='lat' dir='ltr'>voluerit,</span> <span class='ocrx_word' id='word_1_99' title='bbox 1535 1126 1622 1153; x_wconf 92' lang='lat' dir='ltr'>non</span> 
     </span>
     <span class='ocr_line' id='line_1_13' title="bbox 170 1185 1624 1243; baseline 0.002 -17"><span class='ocrx_word' id='word_1_100' title='bbox 170 1185 311 1226; x_wconf 85' lang='lat' dir='ltr'>solum</span> <span class='ocrx_word' id='word_1_101' title='bbox 346 1185 400 1227; x_wconf 93' lang='lat' dir='ltr'>ob</span> <span class='ocrx_word' id='word_1_102' title='bbox 439 1186 701 1227; x_wconf 88' lang='lat' dir='ltr'>locutionem</span> <span class='ocrx_word' id='word_1_103' title='bbox 740 1187 908 1240; x_wconf 77' lang='lat' dir='ltr'>legatos·</span> <span class='ocrx_word' id='word_1_104' title='bbox 937 1187 1025 1227; x_wconf 67' lang='lat' dir='ltr'><strong><em>siba·</em></strong></span> <span class='ocrx_word' id='word_1_105' title='bbox 1051 1189 1226 1242; x_wconf 80' lang='lat' dir='ltr'>legare,</span> <span class='ocrx_word' id='word_1_106' title='bbox 1270 1191 1380 1243; x_wconf 83' lang='lat' dir='ltr'>(quae</span> <span class='ocrx_word' id='word_1_107' title='bbox 1417 1203 1500 1229; x_wconf 89' lang='lat' dir='ltr'>non</span> <span class='ocrx_word' id='word_1_108' title='bbox 1533 1203 1624 1229; x_wconf 86' lang='lat' dir='ltr'>om-</span> 
     </span>
     <span class='ocr_line' id='line_1_14' title="bbox 173 1263 1624 1320; baseline 0.003 -17"><span class='ocrx_word' id='word_1_109' title='bbox 173 1265 275 1304; x_wconf 88' lang='lat' dir='ltr'>nino</span> <span class='ocrx_word' id='word_1_110' title='bbox 306 1263 550 1303; x_wconf 84' lang='lat' dir='ltr'>defenditur</span> <span class='ocrx_word' id='word_1_111' title='bbox 580 1277 638 1304; x_wconf 81' lang='lat' dir='ltr'>ex</span> <span class='ocrx_word' id='word_1_112' title='bbox 669 1273 778 1304; x_wconf 84' lang='lat' dir='ltr'>orat.</span> <span class='ocrx_word' id='word_1_113' title='bbox 812 1265 856 1304; x_wconf 90' lang='lat' dir='ltr'>in</span> <span class='ocrx_word' id='word_1_114' title='bbox 887 1264 990 1305; x_wconf 83' lang='lat' dir='ltr'>Vat.</span> <span class='ocrx_word' id='word_1_115' title='bbox 1019 1265 1086 1316; x_wconf 85' lang='lat'>15,</span> <span class='ocrx_word' id='word_1_116' title='bbox 1120 1267 1322 1320; x_wconf 86' lang='lat' dir='ltr'>quoniam</span> <span class='ocrx_word' id='word_1_117' title='bbox 1344 1267 1510 1319; x_wconf 84' lang='lat' dir='ltr'>passivi</span> <span class='ocrx_word' id='word_1_118' title='bbox 1536 1266 1624 1307; x_wconf 86' lang='lat' dir='ltr'>alia</span> 
     </span>
     <span class='ocr_line' id='line_1_15' title="bbox 176 1340 1625 1397; baseline 0.002 -17"><span class='ocrx_word' id='word_1_119' title='bbox 176 1349 241 1380; x_wconf 88' lang='lat' dir='ltr'>est</span> <span class='ocrx_word' id='word_1_120' title='bbox 271 1342 407 1391; x_wconf 85' lang='lat' dir='ltr'>ratio,</span> <span class='ocrx_word' id='word_1_121' title='bbox 447 1341 559 1395; x_wconf 91' lang='lat' dir='ltr'>quod</span> <span class='ocrx_word' id='word_1_122' title='bbox 602 1355 681 1381; x_wconf 90' lang='lat' dir='ltr'>nec</span> <span class='ocrx_word' id='word_1_123' title='bbox 723 1343 816 1381; x_wconf 89' lang='lat' dir='ltr'>sine</span> <span class='ocrx_word' id='word_1_124' title='bbox 857 1340 1053 1382; x_wconf 86' lang='lat' dir='ltr'>subiecto</span> <span class='ocrx_word' id='word_1_125' title='bbox 1099 1344 1203 1396; x_wconf 89' lang='lat' dir='ltr'>poni</span> <span class='ocrx_word' id='word_1_126' title='bbox 1244 1342 1306 1383; x_wconf 88' lang='lat' dir='ltr'>ibi</span> <span class='ocrx_word' id='word_1_127' title='bbox 1345 1350 1514 1397; x_wconf 85' lang='lat' dir='ltr'>poterat</span> <span class='ocrx_word' id='word_1_128' title='bbox 1546 1358 1625 1384; x_wconf 90' lang='lat' dir='ltr'>nec</span> 
     </span>
     <span class='ocr_line' id='line_1_16' title="bbox 174 1417 1624 1474; baseline 0.003 -17"><span class='ocrx_word' id='word_1_129' title='bbox 174 1417 302 1458; x_wconf 82' lang='lat' dir='ltr'>facile</span> <span class='ocrx_word' id='word_1_130' title='bbox 331 1417 450 1458; x_wconf 81' lang='lat' dir='ltr'>aliud</span> <span class='ocrx_word' id='word_1_131' title='bbox 491 1417 733 1459; x_wconf 91' lang='lat' dir='ltr'>subiectum</span> <span class='ocrx_word' id='word_1_132' title='bbox 765 1417 972 1467; x_wconf 85' lang='lat' dir='ltr'>habere‚)</span> <span class='ocrx_word' id='word_1_133' title='bbox 1014 1419 1090 1459; x_wconf 90' lang='lat' dir='ltr'>sed</span> <span class='ocrx_word' id='word_1_134' title='bbox 1131 1419 1244 1474; x_wconf 89' lang='lat' dir='ltr'>quod</span> <span class='ocrx_word' id='word_1_135' title='bbox 1275 1418 1420 1460; x_wconf 82' lang='lat' dir='ltr'>alieno</span> <span class='ocrx_word' id='word_1_136' title='bbox 1453 1419 1549 1460; x_wconf 93' lang='lat' dir='ltr'>loco</span> <span class='ocrx_word' id='word_1_137' title='bbox 1580 1421 1624 1461; x_wconf 91' lang='lat' dir='ltr'>id</span> 
     </span>
     <span class='ocr_line' id='line_1_17' title="bbox 173 1493 1626 1551; baseline 0.002 -17"><span class='ocrx_word' id='word_1_138' title='bbox 173 1493 433 1535; x_wconf 67' lang='lat' dir='ltr'>vocabulum</span> <span class='ocrx_word' id='word_1_139' title='bbox 469 1497 657 1549; x_wconf 88' lang='lat' dir='ltr'>positum</span> <span class='ocrx_word' id='word_1_140' title='bbox 702 1504 768 1536; x_wconf 90' lang='lat' dir='ltr'>est</span> <span class='ocrx_word' id='word_1_141' title='bbox 806 1497 1100 1551; x_wconf 86' lang='lat' dir='ltr'>orationisque</span> <span class='ocrx_word' id='word_1_142' title='bbox 1142 1496 1323 1537; x_wconf 82' lang='lat' dir='ltr'>formam</span> <span class='ocrx_word' id='word_1_143' title='bbox 1367 1499 1626 1550; x_wconf 88' lang='lat' dir='ltr'>corrumpit;</span> 
     </span>
     <span class='ocr_line' id='line_1_18' title="bbox 173 1572 1626 1628; baseline 0.002 -16"><span class='ocrx_word' id='word_1_144' title='bbox 173 1586 273 1612; x_wconf 85' lang='lat' dir='ltr'>nam</span> <span class='ocrx_word' id='word_1_145' title='bbox 304 1575 392 1621; x_wconf 72' lang='lat' dir='ltr'>isti,</span> <span class='ocrx_word' id='word_1_146' title='bbox 426 1586 530 1626; x_wconf 72' lang='lat' dir='ltr'>quos·</span> <span class='ocrx_word' id='word_1_147' title='bbox 563 1574 625 1614; x_wconf 84' lang='lat' dir='ltr'>ita</span> <span class='ocrx_word' id='word_1_148' title='bbox 653 1573 824 1624; x_wconf 85' lang='lat' dir='ltr'>dicitur,</span> <span class='ocrx_word' id='word_1_149' title='bbox 855 1582 902 1613; x_wconf 86' lang='lat' dir='ltr'>ut</span> <span class='ocrx_word' id='word_1_150' title='bbox 929 1581 1150 1628; x_wconf 79' lang='lat' dir='ltr'>appareat,</span> <span class='ocrx_word' id='word_1_151' title='bbox 1184 1572 1438 1615; x_wconf 88' lang='lat' dir='ltr'>Ciceronem</span> <span class='ocrx_word' id='word_1_152' title='bbox 1468 1588 1626 1615; x_wconf 89' lang='lat' dir='ltr'>nomen</span> 
     </span>
     <span class='ocr_line' id='line_1_19' title="bbox 170 1650 1140 1706; baseline 0.001 -16"><span class='ocrx_word' id='word_1_153' title='bbox 170 1651 314 1706; x_wconf 89' lang='lat' dir='ltr'>ipsum</span> <span class='ocrx_word' id='word_1_154' title='bbox 348 1650 586 1703; x_wconf 76' lang='lat' dir='ltr'>legatorum</span> <span class='ocrx_word' id='word_1_155' title='bbox 621 1650 675 1689; x_wconf 90' lang='lat' dir='ltr'>iis</span> <span class='ocrx_word' id='word_1_156' title='bbox 709 1651 790 1690; x_wconf 85' lang='lat' dir='ltr'>vix</span> <span class='ocrx_word' id='word_1_157' title='bbox 823 1650 1060 1691; x_wconf 85' lang='lat' dir='ltr'>concedere</span> <span class='ocrx_word' id='word_1_158' title='bbox 1083 1652 1140 1700; x_wconf 83' lang='lat'>¹).</span> 
     </span>
    </p>

    <p class='ocr_par' dir='ltr' id='par_1_4' title="bbox 174 1724 1630 2475">
     <span class='ocr_line' id='line_1_20' title="bbox 292 1724 1627 1780; baseline 0.001 -14"><span class='ocrx_word' id='word_1_159' title='bbox 292 1724 342 1767; x_wconf 88' lang='lat' dir='ltr'>C.</span> <span class='ocrx_word' id='word_1_160' title='bbox 371 1727 449 1777; x_wconf 83' lang='lat'>15,</span> <span class='ocrx_word' id='word_1_161' title='bbox 476 1727 533 1766; x_wconf 80' lang='lat'>34</span> <span class='ocrx_word' id='word_1_162' title='bbox 567 1725 754 1767; x_wconf 88' lang='lat' dir='ltr'>adducor</span> <span class='ocrx_word' id='word_1_163' title='bbox 782 1741 920 1780; x_wconf 61' lang='lat' dir='ltr'>ptime,</span> <span class='ocrx_word' id='word_1_164' title='bbox 951 1735 998 1767; x_wconf 90' lang='lat' dir='ltr'>ut</span> <span class='ocrx_word' id='word_1_165' title='bbox 1027 1727 1198 1768; x_wconf 80' lang='lat' dir='ltr'>credam</span> <span class='ocrx_word' id='word_1_166' title='bbox 1234 1726 1488 1769; x_wconf 85' lang='lat' dir='ltr'>Ciceronem</span> <span class='ocrx_word' id='word_1_167' title='bbox 1522 1729 1627 1768; x_wconf 87' lang='lat' dir='ltr'>scri-</span> 
     </span>
     <span class='ocr_line' id='line_1_21' title="bbox 174 1803 1630 1859; baseline 0.002 -17"><span class='ocrx_word' id='word_1_168' title='bbox 174 1803 339 1858; x_wconf 84' lang='lat' dir='ltr'>psisse:</span> <span class='ocrx_word' id='word_1_169' title='bbox 390 1816 511 1843; x_wconf 82' lang='lat' dir='ltr'>arma</span> <span class='ocrx_word' id='word_1_170' title='bbox 545 1807 592 1843; x_wconf 79' lang='lat' dir='ltr'>in</span> <span class='ocrx_word' id='word_1_171' title='bbox 639 1804 792 1856; x_wconf 79' lang='lat' dir='ltr'>templo</span> <span class='ocrx_word' id='word_1_172' title='bbox 838 1804 1029 1845; x_wconf 70' lang='lat' dir='ltr'>Castoris</span> <span class='ocrx_word' id='word_1_173' title='bbox 1060 1805 1211 1858; x_wconf 80' lang='lat' dir='ltr'>palam</span> <span class='ocrx_word' id='word_1_174' title='bbox 1252 1804 1630 1859; x_wconf 76' lang='lat' dir='ltr'>comportabantur</span> 
     </span>
     <span class='ocr_line' id='line_1_22' title="bbox 177 1871 1630 1936; baseline 0.001 -16"><span class='ocrx_word' id='word_1_175' title='bbox 177 1879 331 1935; x_wconf 86' lang='lat' dir='ltr'>(vulgo</span> <span class='ocrx_word' id='word_1_176' title='bbox 362 1888 427 1920; x_wconf 89' lang='lat' dir='ltr'>est</span> <span class='ocrx_word' id='word_1_177' title='bbox 458 1884 504 1920; x_wconf 79' lang='lat' dir='ltr'>in</span> <span class='ocrx_word' id='word_1_178' title='bbox 536 1880 779 1934; x_wconf 76' lang='lat' dir='ltr'>templum),</span> <span class='ocrx_word' id='word_1_179' title='bbox 811 1871 1074 1936; x_wconf 62' lang='lat' dir='ltr'>proegnanti‘</span> <span class='ocrx_word' id='word_1_180' title='bbox 1093 1881 1276 1936; x_wconf 85' lang='lat' dir='ltr'>quadam</span> <span class='ocrx_word' id='word_1_181' title='bbox 1307 1880 1430 1922; x_wconf 87' lang='lat' dir='ltr'>verbi</span> <span class='ocrx_word' id='word_1_182' title='bbox 1461 1879 1630 1936; x_wconf 76' lang='lat' dir='ltr'>signifi·</span> 
     </span>
     <span class='ocr_line' id='line_1_23' title="bbox 177 1957 1629 2012; baseline 0.001 -14"><span class='ocrx_word' id='word_1_183' title='bbox 177 1958 362 2007; x_wconf 83' lang='lat' dir='ltr'>catione,</span> <span class='ocrx_word' id='word_1_184' title='bbox 393 1966 440 1997; x_wconf 88' lang='lat' dir='ltr'>ut</span> <span class='ocrx_word' id='word_1_185' title='bbox 474 1966 611 1999; x_wconf 86' lang='lat' dir='ltr'>esset:</span> <span class='ocrx_word' id='word_1_186' title='bbox 647 1957 1025 2011; x_wconf 75' lang='lat' dir='ltr'>comportabantur</span> <span class='ocrx_word' id='word_1_187' title='bbox 1057 1964 1099 1998; x_wconf 83' lang='lat' dir='ltr'>et</span> <span class='ocrx_word' id='word_1_188' title='bbox 1128 1962 1174 1998; x_wconf 78' lang='lat' dir='ltr'>in</span> <span class='ocrx_word' id='word_1_189' title='bbox 1209 1959 1363 2012; x_wconf 77' lang='lat' dir='ltr'>templo</span> <span class='ocrx_word' id='word_1_190' title='bbox 1398 1972 1629 1999; x_wconf 81' lang='lat' dir='ltr'>coacerva·</span> 
     </span>
     <span class='ocr_line' id='line_1_24' title="bbox 177 2034 1628 2088; baseline 0.001 -14"><span class='ocrx_word' id='word_1_191' title='bbox 177 2034 406 2087; x_wconf 67' lang='lat' dir='ltr'>bantra-²).</span> <span class='ocrx_word' id='word_1_192' title='bbox 471 2034 600 2075; x_wconf 84' lang='lat' dir='ltr'>Certe</span> <span class='ocrx_word' id='word_1_193' title='bbox 639 2036 685 2075; x_wconf 92' lang='lat' dir='ltr'>in</span> <span class='ocrx_word' id='word_1_194' title='bbox 718 2035 811 2075; x_wconf 90' lang='lat' dir='ltr'>cod.</span> <span class='ocrx_word' id='word_1_195' title='bbox 848 2034 1083 2088; x_wconf 63' lang='lat' dir='ltr'>‚archetypo</span> <span class='ocrx_word' id='word_1_196' title='bbox 1124 2036 1185 2075; x_wconf 87' lang='lat' dir='ltr'>ita</span> <span class='ocrx_word' id='word_1_197' title='bbox 1226 2035 1388 2085; x_wconf 85' lang='lat' dir='ltr'>fuisse,</span> <span class='ocrx_word' id='word_1_198' title='bbox 1439 2035 1628 2075; x_wconf 83' lang='lat' dir='ltr'>ostendit</span> 
     </span>
     <span class='ocr_line' id='line_1_25' title="bbox 177 2110 1628 2166; baseline -0.001 -13"><span class='ocrx_word' id='word_1_199' title='bbox 177 2126 414 2153; x_wconf 85' lang='lat' dir='ltr'>consensus</span> <span class='ocrx_word' id='word_1_200' title='bbox 446 2112 538 2152; x_wconf 90' lang='lat' dir='ltr'>cod.</span> <span class='ocrx_word' id='word_1_201' title='bbox 561 2112 673 2162; x_wconf 64' lang='lat' dir='ltr'>Par„</span> <span class='ocrx_word' id='word_1_202' title='bbox 704 2110 881 2162; x_wconf 84' lang='lat' dir='ltr'>Bernn.,</span> <span class='ocrx_word' id='word_1_203' title='bbox 907 2111 1087 2152; x_wconf 87' lang='lat' dir='ltr'>Oxonn.</span> <span class='ocrx_word' id='word_1_204' title='bbox 1117 2114 1244 2153; x_wconf 88' lang='lat' dir='ltr'>trium</span> <span class='ocrx_word' id='word_1_205' title='bbox 1277 2115 1354 2165; x_wconf 83' lang='lat' dir='ltr'>(ex</span> <span class='ocrx_word' id='word_1_206' title='bbox 1382 2111 1628 2166; x_wconf 78' lang='lat' dir='ltr'>quattuor);</span> 
     </span>
     <span class='ocr_line' id='line_1_26' title="bbox 177 2187 1628 2240; baseline 0 -11"><span class='ocrx_word' id='word_1_207' title='bbox 177 2198 220 2229; x_wconf 91' lang='lat' dir='ltr'>et</span> <span class='ocrx_word' id='word_1_208' title='bbox 253 2187 534 2230; x_wconf 83' lang='lat' dir='ltr'>memorabile</span> <span class='ocrx_word' id='word_1_209' title='bbox 569 2197 658 2239; x_wconf 89' lang='lat' dir='ltr'>est,</span> <span class='ocrx_word' id='word_1_210' title='bbox 691 2190 735 2229; x_wconf 90' lang='lat' dir='ltr'>in</span> <span class='ocrx_word' id='word_1_211' title='bbox 769 2197 876 2230; x_wconf 82' lang='lat' dir='ltr'>orat.</span> <span class='ocrx_word' id='word_1_212' title='bbox 905 2190 949 2229; x_wconf 91' lang='lat' dir='ltr'>in</span> <span class='ocrx_word' id='word_1_213' title='bbox 976 2189 1122 2230; x_wconf 86' lang='lat' dir='ltr'>Pison.</span> <span class='ocrx_word' id='word_1_214' title='bbox 1150 2191 1228 2240; x_wconf 89' lang='lat'>10,</span> <span class='ocrx_word' id='word_1_215' title='bbox 1258 2191 1314 2230; x_wconf 78' lang='lat'>23</span> <span class='ocrx_word' id='word_1_216' title='bbox 1343 2189 1524 2229; x_wconf 85' lang='lat' dir='ltr'>eandem</span> <span class='ocrx_word' id='word_1_217' title='bbox 1559 2202 1628 2229; x_wconf 91' lang='lat' dir='ltr'>co-</span> 
     </span>
     <span class='ocr_line' id='line_1_27' title="bbox 178 2264 1629 2320; baseline -0.001 -14"><span class='ocrx_word' id='word_1_218' title='bbox 178 2266 295 2306; x_wconf 86' lang='lat' dir='ltr'>dices</span> <span class='ocrx_word' id='word_1_219' title='bbox 337 2280 486 2306; x_wconf 86' lang='lat' dir='ltr'>omnes</span> <span class='ocrx_word' id='word_1_220' title='bbox 529 2265 688 2306; x_wconf 81' lang='lat' dir='ltr'>habere</span> <span class='ocrx_word' id='word_1_221' title='bbox 733 2266 916 2307; x_wconf 87' lang='lat' dir='ltr'>formam</span> <span class='ocrx_word' id='word_1_222' title='bbox 965 2267 1105 2315; x_wconf 81' lang='lat' dir='ltr'>(arma</span> <span class='ocrx_word' id='word_1_223' title='bbox 1145 2270 1191 2307; x_wconf 74' lang='lat' dir='ltr'>in</span> <span class='ocrx_word' id='word_1_224' title='bbox 1231 2267 1385 2320; x_wconf 80' lang='lat' dir='ltr'>templo</span> <span class='ocrx_word' id='word_1_225' title='bbox 1438 2264 1629 2307; x_wconf 70' lang='lat' dir='ltr'>Castoris</span> 
     </span>
     <span class='ocr_line' id='line_1_28' title="bbox 178 2341 1628 2398; baseline -0.001 -15"><span class='ocrx_word' id='word_1_226' title='bbox 178 2344 584 2398; x_wconf 78' lang='lat' dir='ltr'>comportarentur).</span> <span class='ocrx_word' id='word_1_227' title='bbox 636 2343 846 2384; x_wconf 88' lang='lat' dir='ltr'>Similiter</span> <span class='ocrx_word' id='word_1_228' title='bbox 858 2343 1010 2384; x_wconf 88' lang='lat' dir='ltr'>Cicero</span> <span class='ocrx_word' id='word_1_229' title='bbox 1028 2344 1138 2384; x_wconf 82' lang='lat' dir='ltr'>dixit</span> <span class='ocrx_word' id='word_1_230' title='bbox 1159 2342 1350 2384; x_wconf 74' lang='lat' dir='ltr'>abiicere</span> <span class='ocrx_word' id='word_1_231' title='bbox 1372 2356 1418 2383; x_wconf 78' lang='lat' dir='ltr'>se</span> <span class='ocrx_word' id='word_1_232' title='bbox 1437 2341 1628 2383; x_wconf 72' lang='lat' dir='ltr'>inker-ba</span> 
     </span>
     <span class='ocr_line' id='line_1_29' title="bbox 177 2419 1628 2475; baseline 0 -14"><span class='ocrx_word' id='word_1_233' title='bbox 177 2421 249 2475; x_wconf 88' lang='lat' dir='ltr'>(de</span> <span class='ocrx_word' id='word_1_234' title='bbox 287 2420 409 2461; x_wconf 85' lang='lat' dir='ltr'>Orat.</span> <span class='ocrx_word' id='word_1_235' title='bbox 442 2422 492 2470; x_wconf 94' lang='lat'>1,</span> <span class='ocrx_word' id='word_1_236' title='bbox 530 2421 559 2461; x_wconf 78' lang='lat'>7</span> <span class='ocrx_word' id='word_1_237' title='bbox 600 2419 711 2472; x_wconf 83' lang='lat' dir='ltr'>ext.)</span> <span class='ocrx_word' id='word_1_238' title='bbox 754 2429 797 2461; x_wconf 91' lang='lat' dir='ltr'>et</span> <span class='ocrx_word' id='word_1_239' title='bbox 836 2420 1028 2461; x_wconf 73' lang='lat' dir='ltr'>abiicere</span> <span class='ocrx_word' id='word_1_240' title='bbox 1067 2420 1273 2461; x_wconf 73' lang='lat' dir='ltr'>annulum</span> <span class='ocrx_word' id='word_1_241' title='bbox 1315 2423 1362 2461; x_wconf 78' lang='lat' dir='ltr'>in</span> <span class='ocrx_word' id='word_1_242' title='bbox 1403 2423 1517 2461; x_wconf 79' lang='lat' dir='ltr'>mart</span> <span class='ocrx_word' id='word_1_243' title='bbox 1558 2419 1628 2474; x_wconf 90' lang='lat' dir='ltr'>(de</span> 
     </span>
    </p>
   </div>
   <div class='ocr_carea' id='block_1_4' title="bbox 203 2600 1629 2949">
    <p class='ocr_par' dir='ltr' id='par_1_5' title="bbox 203 2600 1628 2767">
     <span class='ocr_line' id='line_1_30' title="bbox 203 2600 1628 2645; baseline 0.004 -13"><span class='ocrx_word' id='word_1_244' title='bbox 203 2600 241 2642; x_wconf 81' lang='lat'>²)</span> <span class='ocrx_word' id='word_1_245' title='bbox 267 2600 307 2632; x_wconf 84' lang='lat' dir='ltr'>In</span> <span class='ocrx_word' id='word_1_246' title='bbox 333 2603 550 2633; x_wconf 67' lang='lat' dir='ltr'>transcursu</span> <span class='ocrx_word' id='word_1_247' title='bbox 575 2600 710 2642; x_wconf 82' lang='lat' dir='ltr'>dicam,</span> <span class='ocrx_word' id='word_1_248' title='bbox 730 2600 767 2634; x_wconf 92' lang='lat' dir='ltr'>in</span> <span class='ocrx_word' id='word_1_249' title='bbox 799 2612 855 2645; x_wconf 87' lang='lat' dir='ltr'>cp.</span> <span class='ocrx_word' id='word_1_250' title='bbox 884 2601 928 2635; x_wconf 80' lang='lat' dir='ltr'>ad</span> <span class='ocrx_word' id='word_1_251' title='bbox 956 2601 1065 2635; x_wconf 76' lang='lat' dir='ltr'>Attio.</span> <span class='ocrx_word' id='word_1_252' title='bbox 1084 2601 1148 2642; x_wconf 80' lang='lat' dir='ltr'>IV,</span> <span class='ocrx_word' id='word_1_253' title='bbox 1173 2601 1196 2634; x_wconf 81' lang='lat'><strong>2</strong></span> <span class='ocrx_word' id='word_1_254' title='bbox 1221 2613 1348 2636; x_wconf 79' lang='lat' dir='ltr'>versus</span> <span class='ocrx_word' id='word_1_255' title='bbox 1373 2604 1435 2637; x_wconf 85' lang='lat' dir='ltr'>fin.</span> <span class='ocrx_word' id='word_1_256' title='bbox 1462 2603 1628 2638; x_wconf 73' lang='lat' dir='ltr'>scriben-</span> 
     </span>
     <span class='ocr_line' id='line_1_31' title="bbox 272 2658 1627 2708; baseline 0.005 -18"><span class='ocrx_word' id='word_1_257' title='bbox 272 2658 360 2690; x_wconf 83' lang='lat' dir='ltr'>dum</span> <span class='ocrx_word' id='word_1_258' title='bbox 385 2670 483 2691; x_wconf 67' lang='lat' dir='ltr'>esset</span> <span class='ocrx_word' id='word_1_259' title='bbox 514 2659 596 2703; x_wconf 82' lang='lat' dir='ltr'>Ego</span> <span class='ocrx_word' id='word_1_260' title='bbox 625 2672 680 2693; x_wconf 77' lang='lat' dir='ltr'>me</span> <span class='ocrx_word' id='word_1_261' title='bbox 705 2661 876 2705; x_wconf 77' lang='lat' dir='ltr'>Pompeio</span> <span class='ocrx_word' id='word_1_262' title='bbox 903 2662 1028 2706; x_wconf 77' lang='lat' dir='ltr'>legari</span> <span class='ocrx_word' id='word_1_263' title='bbox 1047 2663 1100 2695; x_wconf 82' lang='lat' dir='ltr'>itu</span> <span class='ocrx_word' id='word_1_264' title='bbox 1132 2673 1207 2696; x_wconf 85' lang='lat' dir='ltr'>sum</span> <span class='ocrx_word' id='word_1_265' title='bbox 1228 2674 1385 2706; x_wconf 76' lang='lat' dir='ltr'>passus,</span> <span class='ocrx_word' id='word_1_266' title='bbox 1423 2664 1490 2696; x_wconf 89' lang='lat' dir='ltr'>ubi</span> <span class='ocrx_word' id='word_1_267' title='bbox 1512 2664 1627 2708; x_wconf 80' lang='lat' dir='ltr'>vulgo</span> 
     </span>
     <span class='ocr_line' id='line_1_32' title="bbox 272 2717 1135 2767; baseline 0.008 -18"><span class='ocrx_word' id='word_1_268' title='bbox 272 2722 327 2750; x_wconf 79' lang='lat' dir='ltr'>est</span> <span class='ocrx_word' id='word_1_269' title='bbox 352 2728 375 2749; x_wconf 81' lang='lat' dir='ltr'><em>a</em></span> <span class='ocrx_word' id='word_1_270' title='bbox 404 2717 626 2761; x_wconf 79' lang='lat' dir='ltr'>Pompeio</span> <span class='ocrx_word' id='word_1_271' title='bbox 653 2725 783 2755; x_wconf 80' lang='lat' dir='ltr'>contra</span> <span class='ocrx_word' id='word_1_272' title='bbox 807 2733 914 2756; x_wconf 81' lang='lat' dir='ltr'>usum</span> <span class='ocrx_word' id='word_1_273' title='bbox 944 2723 1135 2767; x_wconf 86' lang='lat' dir='ltr'>loquendi.</span> 
     </span>
    </p>

    <p class='ocr_par' dir='ltr' id='par_1_6' title="bbox 204 2777 1629 2949">
     <span class='ocr_line' id='line_1_33' title="bbox 204 2777 1628 2828; baseline 0.001 -15"><span class='ocrx_word' id='word_1_274' title='bbox 204 2779 243 2822; x_wconf 86' lang='grc'>2)</span> <span class='ocrx_word' id='word_1_275' title='bbox 270 2777 453 2813; x_wconf 76' lang='lat' dir='ltr'>Similiter</span> <span class='ocrx_word' id='word_1_276' title='bbox 469 2782 672 2822; x_wconf 74' lang='lat' dir='ltr'>nostrates;</span> <span class='ocrx_word' id='word_1_277' title='bbox 690 2783 862 2826; x_wconf 84' lang='lat' dir='ltr'>neglecto</span> <span class='ocrx_word' id='word_1_278' title='bbox 886 2782 1101 2817; x_wconf 79' lang='lat' dir='ltr'>discrimine</span> <span class='ocrx_word' id='word_1_279' title='bbox 1130 2787 1166 2817; x_wconf 84' lang='lat' dir='ltr'>et</span> <span class='ocrx_word' id='word_1_280' title='bbox 1191 2784 1301 2828; x_wconf 77' lang='lat' dir='ltr'>plena</span> <span class='ocrx_word' id='word_1_281' title='bbox 1327 2782 1550 2821; x_wconf 80' lang='lat' dir='ltr'>elocutione,</span> <span class='ocrx_word' id='word_1_282' title='bbox 1572 2782 1628 2816; x_wconf 87' lang='lat' dir='ltr'>in-</span> 
     </span>
     <span class='ocr_line' id='line_1_34' title="bbox 274 2838 1629 2887; baseline 0.003 -16"><span class='ocrx_word' id='word_1_283' title='bbox 274 2839 422 2872; x_wconf 81' lang='lat' dir='ltr'>terdum</span> <span class='ocrx_word' id='word_1_284' title='bbox 450 2839 495 2872; x_wconf 81' lang='lat' dir='ltr'>ad</span> <span class='ocrx_word' id='word_1_285' title='bbox 525 2838 625 2873; x_wconf 80' lang='lat' dir='ltr'>hunc</span> <span class='ocrx_word' id='word_1_286' title='bbox 650 2841 800 2876; x_wconf 85' lang='lat' dir='ltr'>modum</span> <span class='ocrx_word' id='word_1_287' title='bbox 827 2843 1054 2887; x_wconf 81' lang='lat' dir='ltr'>loquuntur:</span> <span class='ocrx_word' id='word_1_288' title='bbox 1082 2844 1138 2878; x_wconf 81' lang='lat' dir='ltr'>En</span> <span class='ocrx_word' id='word_1_289' title='bbox 1162 2844 1330 2886; x_wconf 81' lang='lat' dir='ltr'>Maengde</span> <span class='ocrx_word' id='word_1_290' title='bbox 1360 2841 1502 2875; x_wconf 60' lang='lat' dir='ltr'>&#39;&#39;aabcn</span> <span class='ocrx_word' id='word_1_291' title='bbox 1530 2843 1629 2877; x_wconf 63' lang='lat' dir='ltr'>blei-e</span> 
     </span>
     <span class='ocr_line' id='line_1_35' title="bbox 278 2899 1451 2949; baseline 0.003 -18"><span class='ocrx_word' id='word_1_292' title='bbox 278 2899 570 2934; x_wconf 76' lang='lat' dir='ltr'>sammcnbaarne</span> <span class='ocrx_word' id='word_1_293' title='bbox 597 2900 612 2934; x_wconf 79' lang='lat' dir='ltr'><strong><em>i</em></strong></span> <span class='ocrx_word' id='word_1_294' title='bbox 638 2901 785 2936; x_wconf 75' lang='lat' dir='ltr'>Castore</span> <span class='ocrx_word' id='word_1_295' title='bbox 817 2901 975 2948; x_wconf 78' lang='lat' dir='ltr'>Tempel,</span> <span class='ocrx_word' id='word_1_296' title='bbox 1002 2916 1069 2949; x_wconf 83' lang='lat' dir='ltr'>pro</span> <span class='ocrx_word' id='word_1_297' title='bbox 1095 2916 1160 2946; x_wconf 83' lang='lat' dir='ltr'>eo,</span> <span class='ocrx_word' id='word_1_298' title='bbox 1195 2904 1292 2948; x_wconf 85' lang='lat' dir='ltr'>quod</span> <span class='ocrx_word' id='word_1_299' title='bbox 1319 2906 1372 2936; x_wconf 79' lang='lat' dir='ltr'>est</span> <span class='ocrx_word' id='word_1_300' title='bbox 1400 2903 1451 2936; x_wconf 78' lang='lat' dir='ltr'>til.</span> 
     </span>
    </p>
   </div>
  </div>
 </body>
</html>
