1981 3390
1460 183 1523 230 47

143 300 396 356 excogitata
412 308 456 342 et
473 300 675 354 ingenius
694 278 944 341 eexornatff
958 307 1108 355 postea
1122 298 1356 354 Rupertius
1377 302 1592 356 probavit,

144 392 247 420 vera
278 392 375 419 esse
404 384 522 433 puto.
598 376 809 432 Proponit
841 377 1064 419 luvenalis
1096 379 1333 433 imaginem
1363 381 1590 422 saevissimi

140 456 370 506 delatoris,
413 456 535 496 cuius
578 463 694 496 artes
738 455 809 496 vel
840 457 922 512 ipsi
959 455 1111 511 reliqui
1143 456 1361 498 delatores
1399 459 1592 500 timeant.

141 533 236 577 1100
251 536 321 577 ita
354 533 518 576 extulit
551 532 612 590 (v.
643 534 712 574 35.
741 535 840 578 362:

397 672 523 714 quem
551 656 700 699 Massa
730 658 867 708 timet,
901 672 1027 714 quem
1060 672 1237 699 munere
1263 657 1413 713 palpat

194 734 333 778 Carus
363 744 405 777 et
436 751 460 776 a
494 736 662 791 trepido
694 734 906 790 Thymele
939 735 1154 777 submissa
1183 735 1357 778 Latino.

141 851 213 892 Ex
242 850 398 907 quibus
430 850 576 892 verbis
606 848 806 899 efficitur,
838 858 885 889 ut
911 849 1095 890 Latinus
1129 852 1308 902 mimus,
1336 853 1409 906 qui
1438 850 1590 892 Domi-

139 930 256 970 tiano
286 930 526 982 imperante
558 927 732 975 floruit,
763 927 878 968 inter
905 926 1123 968 delatores
1152 937 1366 983 ponatur,
1396 937 1439 969 et
1470 928 1590 984 'rhy-

138 1005 252 1047 mele
285 1007 417 1046 mima
439 1008 587 1061 (quam
609 1003 824 1046 scholium
849 1005 942 1045 cod.
966 1003 1191 1047 Barthiani
1218 1006 1380 1047 nullius
1403 1008 1590 1048 auctori-

137 1084 237 1124 tatis
268 1097 456 1125 uxorem
498 1082 647 1124 Latini
687 1083 811 1134 facit)
851 1082 906 1124 ab
941 1097 992 1124 eo
1031 1085 1086 1125 ad
1118 1086 1405 1140 mitigandum
1436 1094 1588 1140 poten-

137 1163 290 1203 tiorem
328 1160 456 1203 illum
497 1161 737 1203 delatorem
779 1160 995 1203 submissa
1028 1163 1209 1204 dicatur.
1280 1163 1329 1204 Id
1370 1177 1500 1218 quum
1533 1161 1589 1203 A.

137 1238 371 1281 Turnebus
388 1255 540 1296 parum
560 1239 790 1295 probabile
810 1248 995 1295 putaret,
1030 1239 1276 1296 Thymelen
1308 1251 1350 1282 et
1382 1240 1588 1281 Latinum

137 1319 473 1375 comparationis
508 1332 638 1359 cansa
679 1318 877 1359 inductos
908 1319 1114 1371 credidit,
1153 1328 1202 1360 ut
1233 1318 1377 1360 simile
1404 1319 1588 1374 petitum

135 1405 253 1438 esset
292 1412 319 1438 a
359 1398 491 1438 mimo
530 1405 620 1437 tum
664 1404 791 1447 noto,
839 1398 885 1437 in
930 1412 1014 1452 quo
1057 1396 1242 1438 Latinus
1289 1407 1346 1439 ct·
1372 1395 1588 1451 Thymele

134 1483 281 1530 partes
314 1475 521 1531 egissent,
555 1481 598 1514 et
629 1473 699 1514 hic
730 1487 884 1515 sensus
918 1483 1058 1526 esset,
1091 1475 1292 1516 similiter
1322 1474 1481 1516 Carum
1515 1475 1589 1515 de-

134 1551 320 1594 latorem
349 1551 476 1594 illum
508 1551 704 1608 palpare,
732 1552 1094 1608 quemadmodum
1125 1554 1171 1594 in
1204 1555 1336 1595 mimo
1363 1552 1442 1594 illo
1468 1552 1589 1606 Thy-

136 1630 248 1672 mele
287 1646 314 1672 a
345 1630 503 1672 Latino
546 1630 763 1672 submissa
797 1631 998 1671 maritum
1037 1646 1163 1672 suum
1198 1631 1411 1687 palparet.
1488 1631 1588 1679 Qua

135 1710 495 1764 interpretatione
533 1708 717 1764 probata
756 1708 1063 1759 Heinrichius,
1101 1710 1144 1750 id
1176 1710 1288 1764 quod
1319 1719 1409 1750 tum
1439 1721 1588 1749 neces-

134 1787 249 1828 sario
279 1786 526 1828 faciendum
553 1795 659 1838 orat,
693 1793 736 1828 et
763 1788 807 1828 in
837 1793 884 1828 ut
914 1789 1071 1828 mutari
1101 1788 1252 1832 iussitz
1283 1786 1437 1828 deinde
1467 1786 1588 1827 mimi

135 1863 254 1905 illius
282 1874 586 1921 argumentum
618 1880 678 1906 ex
712 1865 794 1906 hoc
821 1863 916 1906 loco
949 1874 991 1906 et
1023 1874 1104 1906 sat.
1130 1852 1211 1916 VI,
1243 1855 1296 1907 4'1
1332 1879 1424 1920 sqq.
1458 1873 1587 1918 atque

133 1941 269 1993 VIII,
310 1945 392 1984 197
422 1957 681 1998 componere
721 1944 899 1984 studuit.
959 1942 1009 1983 In
1047 1957 1130 1997 qua
1160 1957 1208 1983 re
1249 1956 1401 1996 parum
1445 1950 1583 1981 tutum

136 2018 245 2059 mihi
285 2019 482 2068 videtur,
526 2035 657 2074 quum
700 2028 788 2061 tres
827 2020 1004 2060 omnino
1043 2019 1290 2060 huiusmodi
1335 2019 1421 2060 loci
1471 2019 1584 2073 apud

137 2094 391 2137 Iuvenalem
422 2095 639 2152 legantur,
672 2098 745 2153 qui
777 2097 829 2138 ad
864 2098 1079 2138 actionem
1109 2096 1258 2137 Latini
1279 2106 1320 2137 et
1347 2095 1584 2152 Thymeles

135 2173 289 2214 referri
317 2175 509 2228 possint,
556 2189 705 2216 omnes
745 2175 798 2215 ad
843 2175 1027 2216 eundem
1068 2176 1245 2216 mimum
1274 2175 1452 2216 referre.
1534 2174 1582 2215 In

133 2253 229 2307 ipso
263 2259 408 2292 autem
439 2261 695 2308 argumento
722 2266 826 2293 sane
859 2266 945 2293 non
970 2237 1127 2308 placet,
1157 2253 1269 2308 quod
1299 2252 1354 2294 ab
1387 2252 1584 2294 adultero

135 2328 433 2384 deprehenso,
486 2331 607 2371 cuius
632 2338 779 2385 partes
807 2330 992 2372 Latinus
1025 2332 1304 2382 sustinuerit,
1344 2332 1437 2387 ipsa
1470 2345 1585 2372 uxor

135 2406 335 2448 adultera
365 2407 419 2448 ad
453 2409 652 2448 maritum
677 2409 963 2466 mitigandum
993 2408 1210 2451 submissa
1239 2409 1434 2466 fingitur.
1498 2410 1584 2450 Sed

136 2484 227 2526 haec
253 2486 392 2540 ipsam
418 2500 509 2528 rem
539 2500 625 2527 non
657 2486 784 2528 valde
819 2489 1053 2544 attingunt,
1086 2490 1287 2544 quoniam
1319 2487 1446 2529 aliter
1475 2487 1584 2543 fingi

134 2571 330 2619 possunt.
417 2563 584 2605 Verum
637 2566 732 2620 ipsa
789 2567 1053 2621 comparatio
1107 2565 1208 2607 Cari
1262 2575 1304 2607 et
1347 2564 1582 2620 Thymeles

136 2640 360 2682 submissae
395 2656 479 2683 non
525 2650 626 2698 apta
658 2643 852 2696 videtur,
901 2644 1088 2686 hominis
1129 2644 1366 2685 delatorem
1404 2658 1580 2684 munere

137 2718 354 2774 palpantis
387 2729 431 2762 et
462 2720 651 2778 moechae
683 2721 880 2764 subdolis
906 2722 1128 2765 blanditiis
1152 2723 1356 2764 stolidum
1381 2723 1579 2762 maritum

137 2794 399 2840 delinientis.
462 2798 612 2855 Itaque
648 2801 754 2843 mihi
784 2801 1052 2844 redeundum
1083 2815 1178 2844 esse
1213 2802 1265 2843 ad
1294 2808 1481 2843 veterem
1516 2800 1580 2840 in-
