1981 3390
1452 268 1551 316 275

176 400 319 434 autem
354 391 523 434 Latinis
552 402 648 431 cum
679 386 887 429 Romanis
911 384 1173 428 connubium
1204 385 1354 436 fnisse,
1385 387 1497 440 quod
1526 402 1625 429 con.

176 479 242 512 tra
274 469 594 526 peregrinitatis
625 466 845 506 notionem
878 478 957 518 per
988 464 1292 518 exceptionem
1326 462 1472 504 datum
1496 474 1626 515 esset,

174 547 402 589 ostendere
435 540 539 586 mihi
571 545 757 598 primum
792 543 1009 592 videntur,
1040 555 1133 596 quae
1166 541 1218 582 de
1245 540 1416 581 Latinis
1447 549 1489 582 et
1514 541 1627 583 1101·-

175 626 283 666 nicis
319 622 509 663 subactis
558 637 583 663 a
624 621 753 662 Livio
796 620 1043 661 scribuntur
1085 618 1239 672 (VIII,
1281 621 1360 670 14,
1403 618 1498 669 lx,
1535 621 1625 671 43),
1678 633 1689 645 ¹

175 715 268 757 quae
300 701 516 755 quomodo
548 700 871 754 interpretanda
902 708 1072 754 putem,
1102 705 1202 738 ante
1230 697 1342 746 dixi,
1376 699 1457 738 etsi
1484 699 1627 753 ipsum

173 777 351 819 Livium
385 777 567 819 obscure
604 777 794 818 locutum
823 778 876 817 de
909 792 956 817 re
988 790 1139 832 parum
1172 774 1395 816 intellecta
1422 776 1549 816 credo
1572 776 1627 829 ¹),

174 856 330 897 deinde
358 870 494 910 grave
527 857 570 896 in
600 854 678 896 tali
713 869 760 896 re
792 857 982 896 omnium
1011 854 1268 894 Latinorum
1302 861 1345 893 ot
1377 851 1627 894 Groecorum

174 942 331 990 praeter
359 933 601 975 Diodorum
645 932 810 973 silentii
843 932 1163 978 testimoninm,
1209 943 1268 969 ex
1298 928 1455 984 quibus
1486 943 1628 980 nemo,

176 1026 306 1066 quum
349 1011 700 1065 frequentissime
742 1022 907 1049 nexum
948 1008 1243 1049 Romanorum
1286 1015 1328 1047 et
1359 1005 1629 1049 coloniarum

175 1095 535 1138 commemorent,
568 1086 697 1127 huius
729 1087 1046 1127 coniunctionis
1079 1086 1346 1126 mentionem
1377 1084 1509 1135 fecit,
1553 1099 1629 1126 ne·

175 1180 257 1221 que
275 1163 352 1206 ubi
383 1166 586 1205 universe
617 1165 710 1205 eius
740 1165 805 1205 rei
835 1165 1004 1204 occasio
1036 1171 1143 1213 erat,
1174 1171 1221 1204 ut
1251 1164 1297 1202 in
1325 1161 1526 1203 omnibus
1557 1164 1628 1213 iis,

175 1257 270 1299 quae
299 1243 352 1284 de
385 1245 579 1284 excitato
623 1244 668 1282 in
702 1243 831 1282 sociis
865 1241 964 1281 inde
992 1256 1017 1281 a
1051 1239 1346 1281 Gracchorum
1380 1248 1506 1281 aetate
1538 1248 1628 1281 stu·

177 1322 248 1362 dio
291 1322 480 1362 civitatis
526 1319 864 1374 consequendae,
917 1319 969 1359 de
1009 1318 1216 1359 Romanis
1261 1317 1483 1357 nonnullis
1530 1317 1629 1359 huic

178 1399 321 1439 studio
353 1396 625 1447 faventibus,
669 1397 721 1437 de
763 1398 892 1437 sociis
932 1395 1039 1436 urbe
1072 1397 1196 1436 exire
1227 1395 1358 1435 iussis
1389 1394 1628 1444 traduntur,

179 1484 254 1517 aut
281 1476 329 1516 in
362 1477 432 1526 iis,
460 1489 552 1530 quae
582 1475 737 1515 Livius
769 1474 822 1514 de
850 1473 1033 1514 coloniis
1067 1471 1237 1512 Latinis
1266 1473 1312 1512 in
1341 1470 1448 1512 belli
1477 1454 1629 1513 P'unici

177 1552 356 1593 secundi
388 1551 570 1592 historia
601 1552 740 1602 dixit,
773 1565 912 1605 neque
941 1552 1002 1591 ita
1035 1558 1081 1590 ut
1112 1549 1269 1605 aliquis
1297 1563 1388 1590 rem
1417 1563 1468 1589 eo
1499 1551 1631 1604 perti-

177 1638 352 1671 nentem
382 1643 484 1670 casu
517 1631 752 1685 attingeret
782 1630 827 1668 in
858 1627 1043 1668 alicuius
1075 1627 1264 1667 hominis
1293 1625 1423 1667 rebus
1453 1640 1631 1668 narran-

180 1708 246 1749 dis
264 1709 324 1760 ²)÷
380 1708 699 1749 Firmissimum
738 1714 804 1747 est
836 1705 980 1747 famen
1020 1719 1117 1746 mea
1150 1705 1366 1746 sententia
1401 1718 1631 1759 argumen—

178 1794 293 1836 tum,
341 1785 454 1842 quod
497 1799 557 1826 ex
609 1786 664 1825 iis
719 1783 969 1825 hominibus
1018 1783 1212 1834 ducitur,
1267 1794 1450 1837 quorum
1494 1789 1631 1823 status

1166 1851 1174 1865 ,

266 1969 409 2013 primus
434 1972 543 2001 natus
574 1971 692 2006 esset,
727 1966 948 2010 praenomine
973 1965 1036 1999 αυί
1058 1965 1214 1998 materni
1238 1964 1433 1998 Numerius
1463 1963 1629 2007 appella-

273 2033 387 2063 retur.
456 2029 595 2061 Verum
622 2028 718 2071 quod
747 2026 827 2071 quis
866 2037 909 2058 ex
943 2025 1016 2058 hac
1053 2025 1269 2059 narratione
1295 2024 1450 2058 forsitan
1479 2025 1632 2057 conclu-

269 2089 361 2129 dat,
389 2087 592 2129 evertitur,
622 2088 719 2131 quod
757 2090 842 2130 post
874 2085 1018 2119 cladem
1057 2085 1336 2119 Creinerensem
1362 2086 1413 2127 (a.
1442 2084 1527 2127 477)
1561 2083 1633 2117 ali-

275 2153 415 2194 quanto
441 2148 524 2192 plus
553 2158 665 2192 quam
688 2147 858 2181 seculum
884 2145 1119 2187 intercessit,
1155 2151 1355 2190 antequam
1391 2145 1513 2177 ullum
1535 2143 1632 2176 inter

274 2210 468 2244 Romanos
485 2212 520 2242 et
534 2208 818 2242 Maleventanos
833 2207 963 2241 foedus
980 2217 1058 2240 esse
1077 2211 1213 2250 posset,
1239 2211 1292 2247 ut,
1309 2206 1339 2239 si
1362 2205 1471 2239 inodo
1489 2203 1632 2248 aliquid

274 2268 357 2303 veri
389 2269 538 2310 subest,
577 2267 770 2314 singulare
807 2267 972 2312 aliquid,
1006 2278 1158 2300 necesse
1192 2266 1262 2308 sit,
1294 2265 1330 2299 in
1365 2265 1433 2301 illo
1469 2263 1632 2300 Otacilio

272 2329 463 2364 acciderit.
1400 2363 1403 2366 Ι

209 2387 248 2433 ²)
273 2389 356 2424 vul.
372 2399 486 2433 supra
502 2401 536 2434 p.
560 2387 641 2423 235.
697 2387 818 2422 Possit
842 2391 968 2422 tumen
997 2387 1126 2431 aliqua
1151 2396 1235 2420 cum
1263 2384 1388 2431 specie
1414 2384 1512 2428 dici,
1538 2385 1636 2420 inter

274 2461 360 2490 eos,
388 2449 451 2493 qui
476 2448 574 2482 cives
598 2448 677 2482 sinc
702 2448 884 2493 suffragio
911 2448 995 2481 ficri
1022 2446 1141 2482 coacti
1168 2451 1309 2489 essent,
1341 2451 1379 2480 et
1404 2458 1479 2488 eos,
1506 2457 1527 2480 a
1551 2447 1634 2491 qui-

275 2511 345 2544 bus
371 2510 491 2544 avulsi
518 2515 661 2550 essent,
688 2510 770 2543 toni
799 2510 1025 2543 connubium
1054 2507 1241 2553 potuisse,
1266 2511 1308 2541 ut
1331 2507 1466 2541 sensim
1493 2508 1635 2541 ‹lisinn-

275 2576 479 2616 gcrcntur,
505 2575 541 2605 ct
564 2575 689 2604 tamen
717 2570 816 2604 idem
847 2571 944 2604 inter
976 2570 1074 2603 cives
1099 2569 1291 2602 Romanos
1315 2567 1538 2612 suffragium
1566 2568 1634 2601 ha-

276 2632 406 2664 bentes
433 2635 470 2664 et
493 2642 555 2665 eos
582 2631 754 2676 populos,
782 2630 844 2675 qui
861 2641 947 2664 suas
964 2629 1198 2674 respublicas
1214 2627 1433 2669 retinerent,
1459 2628 1634 2672 relinqui.

211 2694 254 2737 2)
280 2693 332 2727 M.
360 2692 566 2733 Antonius,
592 2694 644 2726 M.
674 2691 862 2726 triumviri
888 2695 1017 2735 pater,
1041 2688 1316 2729 Numitoriam,
1340 2687 1458 2721 filiam
1487 2688 1530 2730 Q.
1558 2687 1637 2720 Nu-

277 2752 420 2788 mitorii
444 2752 568 2793 Puni,
606 2751 846 2799 Fregellani,
874 2751 937 2796 qui
962 2749 1125 2796 patriam
1151 2760 1172 2783 a
1198 2748 1378 2783 Romanis
1403 2747 1638 2782 deiicientem

282 2811 467 2858 prodidit,
508 2824 662 2847 uxorem
689 2813 823 2847 habuit
847 2811 946 2855 (Cic.
973 2811 1139 2856 Philipp.
1168 2810 1244 2849 ΙΙΙ,
1270 2809 1316 2850 6,
1347 2809 1432 2850 17);
1469 2809 1533 2842 scd
1560 2809 1638 2843 Nu-

277 2873 470 2908 mitorium
496 2877 579 2919 post
605 2874 855 2918 proditionem
883 2873 1000 2906 civem
1029 2873 1170 2905 sactum
1192 2880 1282 2910 csse,
1308 2868 1460 2902 dubium
1482 2880 1551 2903 non
1571 2875 1636 2905 cst.

1296 2940 1358 2973 18·
