1981 3390
441 179 506 228 54

512 296 698 340 Villicus
730 307 796 348 et,
831 301 992 340 veteris
1024 299 1142 339 rimae
1173 298 1372 338 contexit
1404 297 1586 349 hiatum,

511 377 698 419 Securos
727 375 940 431 pendente
965 373 1088 415 iubet
1113 374 1300 416 dormire
1330 376 1484 427 ruina3

379 457 424 496 in
457 453 628 510 quibus,
660 463 708 494 ut
738 454 791 494 de
820 453 902 494 hoc
928 454 1115 508 primum
1137 452 1292 502 dicam,
1323 467 1475 494 versus
1498 453 1650 494 tertius
1671 451 1822 494 duram

380 532 512 574 habet
541 533 780 573 orationem
810 538 867 580 et,
900 539 948 571 ut
975 532 1142 586 opinor,
1184 544 1271 572 non
1300 530 1517 582 Latinam,
1546 546 1673 587 quam
1706 538 1822 572 recte

379 610 641 664 Rupertius,
671 607 782 649 alios
812 617 1008 659 secutus,
1053 609 1321 659 emendavit,
1356 611 1557 651 restituta
1587 623 1822 665 paucorum

381 687 576 728 codicum
598 685 786 727 lectione
818 700 941 742 queem
975 690 1094 728 [exit
1119 701 1195 741 pro
1231 691 1440 727 contexit.
1500 687 1680 728 Frustra
1708 689 1823 728 enim

382 764 550 808 lVeber
586 772 685 820 post
722 763 1104 807 Wunderlichium
1149 763 1203 804 ad
1245 764 1450 804 omissam
1489 764 1747 817 particulam
1787 769 1826 805 εἱ

382 842 605 898 confugit,
659 855 754 898 quae
793 844 838 883 in
880 842 961 884 hac
1008 843 1218 883 orationis
1269 848 1485 882 structura
1523 841 1664 882 audiri
1703 840 1826 882 nullo

381 920 506 962 modo
535 927 694 976 potest.
749 919 930 976 Duplex
958 930 1024 962 est
1055 921 1170 962 enim
1201 920 1294 960 eius
1327 918 1572 960 omittendae
1606 919 1717 974 apud
1740 918 1824 961 La-

380 1000 495 1040 tinos
526 999 664 1048 ratio,
704 999 844 1052 primo
873 999 918 1039 in
946 999 1069 1039 initio
1101 998 1294 1054 periodi,
1329 996 1428 1048 ubi,
1461 999 1507 1038 in
1534 998 1749 1038 concitata
1782 1005 1824 1038 et

383 1075 509 1117 brevi
551 1075 771 1126 oratione,
826 1075 896 1126 id,
945 1076 1062 1131 quod
1102 1075 1367 1117 condicionis
1410 1074 1507 1116 loco
1559 1083 1648 1126 est,
1698 1073 1828 1130 fingi-

382 1162 622 1206 tur‘esse3
683 1154 747 1195 sic
793 1154 909 1195 enim
956 1153 1204 1194 huiusmodi
1254 1152 1342 1194 loci
1399 1153 1638 1208 accipiendi
1680 1154 1826 1208 potius

382 1239 507 1282 sunt,
557 1245 686 1286 quam
729 1245 806 1285 per
850 1233 1263 1285 interrogationen13
1305 1232 1452 1284 itaque
1504 1245 1552 1270 re
1593 1245 1700 1271 vera
1741 1245 1827 1272 non

318 1300 319 1303 Ἴ
382 1310 609 1358 omittitur,
642 1307 720 1348 sed
749 1308 843 1348 eius
874 1308 1084 1362 ponendae
1114 1321 1245 1349 causa
1274 1306 1465 1357 tollitur,
1505 1305 1594 1347 alia
1630 1308 1830 1349 instituta

384 1387 593 1429 orationis
634 1384 799 1436 forma,
848 1384 988 1440 qualis
1029 1393 1095 1426 est
1135 1386 1181 1426 in
1228 1384 1309 1426 hac
1351 1386 1448 1440 ipsa
1485 1385 1618 1426 satira
1654 1400 1695 1426 v.
1727 1387 1830 1427 1⁰0:

386 1465 551 1507 Redes:
601 1466 765 1505 maiore
803 1456 1014 1504 caclemno'
1062 1462 1342 1503 Comuntur.-
1391 1462 1506 1515 flec,
1549 1466 1591 1503 εἰ
1627 1463 1830 1504 lacrimas

384 1544 616 1597 conspexit
641 1544 795 1589 amici,-
843 1540 937 1591 (cfr.
969 1539 1111 1590 XIII,
1154 1541 1238 1581 215
1271 1548 1314 1581 et
1341 1541 1439 1591 227,
1479 1548 1546 1590 et,
1587 1554 1641 1582 ne
1670 1540 1830 1596 longus

380 1608 490 1681 sim,
534 1633 643 1675 quos
675 1618 872 1661 laudavit
912 1626 1110 1659 auctores
1155 1617 1400 1659 Stallbaum
1437 1618 1490 1658 ad
1529 1617 1731 1659 Ruddim.
1761 1618 1831 1660 In-

343 1752 351 1756 -
383 1702 537 1741 stitutt.
566 1697 610 1738 II
637 1712 680 1753 p.
709 1697 816 1747 356,
847 1695 976 1758 Beier
1006 1696 1060 1737 ad
1093 1696 1248 1751 fragm.
1282 1694 1373 1736 Cic.
1405 1704 1531 1736 oratt.
1561 1711 1603 1751 p.
1634 1698 1690 1737 46
1713 1711 1831 1752 sqq„

382 1775 636 1831 Bernhardy
661 1776 782 1830 Synt.
802 1773 938 1815 Graec.
966 1789 1006 1829 p.
1027 1775 1143 1826 385.)
1205 1774 1376 1815 Deinde
1403 1773 1538 1814 multo
1563 1775 1702 1815 rarius
1727 1789 1830 1815 vere

384 1855 596 1896 omittitur
636 1855 682 1894 in
716 1853 858 1894 media
889 1854 1085 1893 oratione
1124 1853 1170 1893 in
1210 1852 1362 1894 eadem
1403 1852 1713 1902 concitatione,
1752 1850 1828 1892 ubi

382 1932 580 1974 condicio
626 1929 884 1972 brevissime
926 1944 1010 1970 uno
1048 1928 1273 1970 duobusve
1314 1928 1459 1971 verbis
1502 1929 1829 1984 comprehensa,

384 2011 610 2052 sententiae
637 2009 854 2065 primariae
883 2008 1164 2062 interposita,
1195 2008 1291 2061 ipsa
1316 2006 1439 2047 verbi
1458 2007 1599 2048 forma
1623 2007 1830 2048 indicium

386 2091 454 2130 sui
494 2075 622 2138 facit,
655 2085 1015 2142 quemadmodum
1055 2084 1171 2125 dixit
1210 2083 1373 2138 virgil.
1413 2083 1588 2125 AEneid.
1623 2084 1714 2136 VI,
1753 2086 1831 2127 3⁰:

392 2167 454 2207 Tea
476 2179 640 2219 qaoque
669 2178 868 2219 onagnam
895 2165 1068 2204 Partem
1099 2175 1227 2217 opere
1258 2165 1305 2203 in
1329 2168 1477 2212 tanco,
1507 2166 1672 2202 sineret
1691 2162 1828 2213 dolor,

388 2243 520 2285 Icare
547 2241 742 2292 haberes,
775 2250 818 2282 et
856 2239 1078 2281 Iuvenalis
1117 2253 1249 2294 supra
1290 2254 1331 2280 v.
1356 2241 1433 2280 78:
1479 2239 1704 2280 Graeculus
1735 2253 1828 2280 esu-

386 2325 506 2363 riens
544 2324 592 2362 in
636 2320 819 2369 coelum,
874 2321 1077 2369 iusseris,
1126 2316 1231 2368 ibit,
1286 2325 1330 2357 et
1377 2317 1531 2358 Senec.
1570 2316 1734 2358 consol.
1776 2317 1853 2358 ad*

388 2399 525 2442 Marc.
551 2401 600 2440 6:
626 2411 715 2453 par
745 2397 804 2438 ad
829 2395 1032 2447 honesta,
1069 2394 1227 2447 libeat,
1255 2393 1489 2447 facullas,
1531 2403 1574 2437 et
1604 2409 1698 2451 quae
1729 2403 1830 2436 sunt

390 2479 544 2520 horum
577 2475 738 2518 similia
757 2473 811 2531 1).
887 2474 973 2516 Hic
998 2474 1194 2529 quidem,
1231 2474 1275 2514 in
1305 2474 1448 2515 media
1475 2474 1680 2529 periodo,
1719 2487 1828 2530 prae-

390 2556 567 2598 cedente
613 2559 678 2604 et,
733 2562 940 2609 sequente
981 2553 1172 2609 perfecto
1216 2552 1441 2595 indicativi
1481 2561 1702 2609 tempore,
1743 2566 1828 2593 non

418 2738 452 2773 ¹)
478 2736 606 2780 Longe
641 2733 810 2775 diversa,
850 2743 960 2777 quam
987 2733 1125 2768 Weber
1153 2734 1190 2767 et
1214 2732 1425 2770 Ramshorn
1453 2733 1692 2778 comparant,
1730 2730 1825 2766 Gor-

483 2795 620 2832 manici
644 2794 824 2831 sermonis
850 2794 957 2836 ratio,
986 2795 1102 2831 nostri
1127 2805 1284 2841 quoquc.
