1981 3390
398 246 499 295 424

335 364 472 420 digna
501 365 747 423 factumque
781 367 1105 422 praescriberet,
1147 381 1206 409 ex
1246 381 1328 423 quo
1363 368 1639 418 XVundems,
1679 382 1784 410 non-

336 441 438 483 dum
473 444 646 498 cognita
674 445 933 496 optimorum
965 445 1158 486 codicum
1189 447 1469 496 auctoritate,
1503 430 1673 486 efficere
1705 444 1786 486 ali-

337 519 439 574 quid
470 520 657 570 studuit,
694 522 889 561 incidens
930 523 974 561 in
1021 523 1311 571 coniecturam
1345 521 1415 563 vel
1449 521 1678 562 verborum
1717 535 1787 562 or-

337 596 438 637 dine
479 596 918 637 incommodissimam
963 597 1061 646 (sed
1100 601 1254 647 etiam,
1301 603 1504 639 memoria
1541 599 1677 652 digna
1719 601 1789 638 uti

338 675 484 725 esset),
518 686 644 726 quam
679 680 822 712 tamen
853 672 908 712 A.
942 671 1140 713 Matthiae
1170 672 1384 727 probavit.
1460 674 1546 715 Sed
1579 676 1673 726 ipsa
1705 674 1787 716 illa

336 750 431 788 sive
463 748 640 787 consilii
663 749 757 787 sive
783 747 965 798 effectus
993 747 1255 804 significatio
1289 749 1376 802 (ut)
1409 748 1678 791 alienissima
1705 759 1785 791 est.

338 822 387 864 C.
418 826 460 875 6,
491 825 545 864 14
574 838 651 878 pro
684 838 730 864 se
758 825 974 876 offerunt,
1006 829 1290 876 insectantur,
1337 824 1604 867 substituunt
1635 841 1785 868 omnes

336 900 405 941 illi
435 909 523 941 tres
562 899 810 956 vulgatiora
841 901 1094 952 offendunt,
1131 906 1416 956 insequuntur
1451 903 1548 952 (cfr.
1584 902 1706 944 Oxx.
1739 903 1787 954 S,

338 978 414 1028 X),
445 978 534 1018 Erf.
565 979 694 1018 etiam
727 979 963 1031 asyndeton
991 978 1120 1018 tollit.
1182 978 1407 1019 Accedunt
1432 977 1601 1020 leviora
1618 980 1788 1032 menda,

338 1054 461 1096 velut
488 1069 524 1095 c.
552 1056 622 1104 42,
645 1056 699 1094 91
726 1068 786 1094 ex
812 1056 989 1110 antiqua
1012 1056 1224 1109 scriptura
1249 1055 1491 1108 dissupatos
1507 1056 1614 1109 (vid.
1630 1056 1786 1108 Paris.)

337 1133 383 1172 in
414 1130 508 1172 Pal.
538 1145 651 1172 nono
677 1132 838 1172 factum
871 1140 937 1172 est
967 1131 1221 1185 disputatas,
1255 1133 1301 1171 in
1325 1130 1629 1172 Gemblacensi
1653 1134 1788 1174 inter·

337 1208 534 1263 polatum
566 1208 827 1261 disparatos.
891 1207 1042 1262 Itaque
1083 1208 1252 1247 desinet
1289 1208 1443 1248 horum
1478 1208 1672 1250 codicum
1711 1223 1788 1250 au-

339 1287 538 1327 ctoritate
571 1285 746 1325 defendi
773 1286 817 1324 in
849 1299 884 1325 c.
915 1286 984 1334 37,
1015 1286 1070 1324 8⁰
1103 1286 1362 1339 pravissima
1394 1284 1548 1326 lectio:
1596 1299 1672 1325 cur
1699 1291 1787 1327 lam

338 1365 522 1416 tempori
567 1361 830 1401 exclamarit
868 1364 1075 1411 occisum,
1124 1360 1199 1401 ubi
1240 1370 1357 1402 recte
1395 1363 1440 1401 in
1484 1362 1629 1402 codice
1667 1362 1788 1403 Pari·

338 1441 473 1480 siensi
506 1439 620 1493 (edd.
646 1437 820 1492 Naug„
857 1437 1014 1489 Herv.)
1053 1447 1095 1478 et
1125 1447 1306 1493 utroque
1339 1437 1550 1479 Bernensi
1580 1447 1668 1479 est:
1711 1453 1788 1480 cm·

337 1522 424 1557 tam
455 1521 635 1563 temere,-
672 1529 770 1555 nam
798 1519 981 1568 tempore·
1009 1529 1094 1556 non
1125 1524 1190 1556 est
1220 1514 1331 1569 apud
1362 1514 1563 1568 Latinos,
1596 1524 1641 1556 ut
1660 1515 1787 1557 Orel-

338 1593 448 1643 lius,
483 1607 635 1645 parum
665 1593 710 1631 in
751 1591 820 1631 his
849 1591 980 1632 rebus
1013 1606 1216 1642 severus,
1254 1599 1400 1643 putat,
1441 1595 1569 1632 nimi-s·
1606 1598 1788 1643 mature,

339 1670 416 1710 sed
458 1675 574 1709 recto
619 1672 817 1722 iustoque
849 1673 1061 1722 tempore,
1102 1668 1213 1722 quod
1254 1667 1336 1708 hoc
1375 1667 1472 1708 loco
1510 1670 1790 1722 perversissi-

339 1761 455 1788 mum
487 1755 566 1787 est.
627 1743 720 1785 Nec
750 1746 975 1799 quisquam
1007 1743 1192 1800 amplius
1222 1745 1266 1784 in
1298 1758 1334 1784 c.
1363 1746 1443 1794 61,
1483 1746 1565 1784 129
1595 1745 1788 1786 movebi-

340 1834 409 1864 tur
441 1818 710 1875 apertissimo
743 1821 895 1861 horum
923 1821 1116 1862 codicum
1150 1821 1320 1870 mendo,
1353 1834 1451 1876 pro:
1485 1820 1634 1862 diebus
1664 1826 1789 1877 quin-

340 1913 443 1954 que,
484 1897 635 1954 qulbus
676 1902 755 1952 ugo·
787 1899 840 1938 de
872 1913 937 1939 me
960 1901 1198 1952 potuisset,
1238 1897 1517 1938 scribentium
1552 1898 1701 1940 diebus
1731 1903 1785 1950 2¹3,

341 1975 516 2030 quibas,
547 1976 659 2030 quod
693 1984 733 2015 et
770 1991 846 2029 per
875 1990 922 2016 se
953 1973 1185 2016 ridiculum
1227 1983 1315 2025 est,
1359 1975 1478 2030 (quid
1524 1977 1637 2016 enim
1680 1990 1788 2029 opus

341 2062 433 2094 erat
463 2052 545 2093 hoc
574 2053 693 2095 addi:
724 2057 781 2093 ils
805 2052 967 2102 diebus,
1001 2051 1152 2107 qulbus
1177 2056 1256 2106 age·
1278 2056 1502 2106 potuisset,
1538 2054 1660 2107 quasi
1686 2067 1787 2108 age-

339 2139 457 2171 retur
488 2132 617 2171 etiam
651 2132 719 2181 iis,
750 2130 906 2185 quibus
940 2131 1011 2185 agi
1045 2144 1129 2170 non
1158 2139 1304 2182 posset
1321 2129 1354 2182 3)
1384 2138 1427 2170 et
1457 2139 1669 2185 repugnat
1693 2131 1789 2170 uni-

343 2222 478 2248 versae
524 2209 612 2257 rei3
668 2221 767 2247 nam
819 2213 978 2247 cer-lam
1026 2207 1138 2247 diem
1189 2206 1495 2262 praescribebat
1543 2208 1787 2248 necessario

341 2284 780 2335 senatusconsultum,
811 2286 924 2324 intra
956 2298 1082 2338 quam
1116 2285 1154 2324 si
1183 2284 1261 2325 lex
1290 2284 1379 2325 lata
1411 2299 1495 2325 non
1528 2293 1657 2334 esset,
1687 2283 1786 2338 lege

341 2362 515 2401 omnino
551 2375 658 2414 opus
693 2374 779 2400 non
823 2369 951 2400 esset.
1018 2360 1227 2414 Alioquin
1267 2360 1376 2400 nihil
1409 2368 1585 2400 senatus
1619 2361 1786 2400 decres-

341 2445 421 2479 set.
486 2436 686 2491 Denique
717 2451 801 2476 non
833 2435 1021 2476 obstabit
1060 2435 1248 2476 Palatini
1283 2438 1385 2476 noni
1416 2439 1674 2487 auctoritas,
1703 2451 1787 2491 quo

343 2517 483 2555 minus
527 2515 697 2554 initium
742 2515 948 2553 orationis
981 2511 1190 2553 liberetur
1228 2512 1484 2567 aliquando,
1525 2514 1786 2567 optimorum

342 2592 535 2633 codicum
583 2591 841 2632 Parisiensis
891 2598 933 2631 et
984 2588 1215 2630 Bernensis
1259 2592 1484 2631 coniuncta
1530 2592 1786 2631 auctoritate

340 2672 457 2719 (nam
492 2677 656 2709 eeteros
687 2682 770 2709 non
805 2671 1019 2717 numero),
1052 2667 1303 2708 foedissimo
1334 2669 1654 2718 additamento,
1683 2670 1789 2709 scri-

340 2746 569 2801 baturque:
603 2759 686 2786 non
719 2746 850 2786 solum
881 2745 1051 2785 alacres
1084 2746 1287 2799 (celesque
1318 2746 1516 2796 volitare,
1548 2746 1624 2785 sed
1656 2749 1783 2786 etiam

328 2823 590 2873 Υ[ονΙιζεκνῐηιἐς
623 2830 752 2878 alque
781 2826 950 2876 optimis
981 2823 1144 2864 cice'bus
1170 2824 1413 2878 pet-[culum
1456 2824 1613 2873 moliri,
1658 2823 1710 2864 de
1741 2837 1785 2863 se
