1981 3390
443 231 542 282 522

372 353 642 407 Quamquam
681 338 884 405 loquendi
918 365 1054 406 genus
1088 351 1271 393 alterum
1314 353 1570 407 reprehendi
1602 367 1686 394 non
1720 364 1812 408 pot-

373 438 464 480 est,
508 429 644 483 quod,
686 429 823 468 eiecto
867 429 1078 482 frequenti
1125 429 1286 490 'codicis
1323 429 1412 469 Erf.
1442 438 1508 479 et,
1544 437 1590 468 ut
1620 443 1677 469 ex
1710 428 1814 471 Cra·

373 505 512 547 tandi-i
545 519 714 559 quoque
748 504 936 544 editione
970 512 1172 558 apparet,
1206 504 1388 546 aliorum
1423 506 1615 546 codicum
1644 506 1815 556 mendo,

370 582 682 624 restituendum
734 588 822 629 est,
875 578 1110 619 Garatonio
1154 595 1322 634 quoque
1351 591 1565 630 anctore,
1615 590 1815 622 extrema

373 661 567 700 oratione
617 659 814 710 (causam
858 656 1039 698 Melonis
1097 669 1188 695 cum
1228 655 1308 696 hoc
1348 661 1617 699 coniunctam
1660 663 1814 698 existe·-

330 730 335 732 “
371 739 515 787 mara),
559 735 663 773 satis
707 733 929 773 defensum
978 746 1056 781 eo,
1101 732 1213 785 quod
1253 734 1470 786 sequitur:
1513 737 1681 787 quicum
1723 739 1814 775 eius

371 825 543 852 causam
577 813 817 863 coniungis.
878 807 998 863 (vid.
1029 823 1160 862 supra
1192 809 1243 849 ad
1274 808 1318 859 I,
1346 809 1405 861 3).

491 888 694 941 Sequitur
719 885 850 939 paulo
885 893 1002 940 post:
1034 884 1286 935 fecerisne,
1327 886 1442 941 qnod
1476 890 1522 926 iu
1552 885 1634 926 lmc
1661 899 1708 926 re
1735 899 1815 939 pu·

370 965 485 1005 blica
518 976 602 1003 non
635 963 755 1003 modo
774 962 951 1012 factam
995 967 1097 1002 (mle
1139 976 1351 1017 nunqnam
1387 969 1473 1012 esc,
1519 962 1596 1002 sed
1623 966 1818 1008 itt-orlani

372 1044 573 1081 memoria
604 1044 664 1079 sit
699 1043 868 1079 omnino
909 1039 1179 1086 inauditum,
1215 1039 1444 1092 dupliciter
1485 1038 1681 1086 soloece;
1717 1053 1815 1079 nam

370 1131 509 1171 neque
540 1131 616 1169 per
642 1130 688 1157 se
722 1118 765 1155 in
796 1115 980 1156 relativa
1013 1115 1091 1155 illa
1124 1117 1337 1155 sententia
1367 1117 1600 1169 pertinenti
1631 1115 1683 1156 ad
1715 1115 1815 1156 sub-

371 1195 529 1234 iectum
570 1191 844 1233 indefinitum
876 1200 918 1232 et
951 1200 1114 1232 tantum
1153 1194 1387 1247 cogitatum
1420 1192 1681 1232 indicativus
1713 1193 1817 1246 poni

369 1278 556 1322 poterat,
587 1270 759 1323 (quaerit
792 1270 906 1309 enim
938 1267 1116 1318 Cicero,
1158 1270 1365 1310 feceritne
1395 1269 1462 1318 id,
1507 1268 1559 1308 de
1589 1283 1672 1322 quo
1705 1267 1815 1309 illud

369 1347 453 1387 dici
482 1348 653 1399 possit,)
688 1360 825 1400 neque
857 1347 1083 1399 coniungi:
1116 1359 1200 1386 non
1230 1345 1350 1385 modo
1370 1344 1549 1394 factum
1575 1344 1708 1394 EST,
1743 1344 1821 1385 sed

371 1423 480 1465 SIT
504 1424 761 1464 inauditam.
826 1408 1096 1476 Quamquam
1119 1422 1287 1463 Orcllio
1319 1430 1433 1462 recte
1466 1422 1634 1462 videtur
1659 1423 1816 1476 opponi

367 1515 437 1542 res
476 1509 592 1542 certa
629 1499 814 1550 (factum
849 1503 929 1551 est)
967 1502 1140 1539 incertae
1172 1499 1254 1551 (sit
1287 1499 1565 1550 inauditum).
1627 1499 1704 1539 Est
1735 1497 1816 1538 hoc

368 1592 500 1617 unum
541 1592 601 1617 ex
636 1576 818 1616 infinitis
858 1575 947 1616 illis
988 1577 1200 1629 peccati&
1238 1589 1330 1629 quae
1369 1577 1564 1615 oriuntur
1598 1573 1815 1615 translatis

368 1654 421 1694 ad
463 1655 784 1708 grammaticam
828 1653 1083 1711 categoriis,
1136 1654 1201 1704 (ut
1239 1653 1396 1691 usitato
1437 1650 1561 1692 nobis
1602 1649 1816 1691 vocabulo

366 1744 457 1770 rem
501 1728 787 1783 significem‚)
829 1743 922 1783 qute
965 1729 1017 1768 ad
1063 1729 1387 1782 grammaticam
1432 1727 1540 1767 nihil
1584 1729 1817 1781 pertinent.

369 1804 480 1846 Nam
516 1814 679 1845 certum
710 1814 751 1846 et
784 1807 994 1845 incertum
1025 1805 1163 1845 modis
1194 1819 1278 1844 non
1311 1805 1585 1858 exprimitur.
1649 1804 1732 1846 Sed
1764 1805 1816 1844 de

369 1883 450 1922 hoc
478 1890 567 1922 toto
599 1896 758 1936 genere
790 1881 901 1921 alius
939 1890 1003 1921 est
1039 1883 1287 1935 propositus
1319 1881 1486 1920 dicendi
1522 1880 1656 1920 locus.
1719 1880 1815 1922 Hoc

367 1959 464 1999 loco
490 1959 531 1998 id
566 1959 675 2007 dien,
711 1958 822 2011 quod
849 1957 934 1996 dici
963 1972 1134 2011 semper
1164 1966 1304 2012 potest
1335 1958 1375 1996 in
1405 1956 1647 1997 huiusmodi
1678 1956 1816 1998 fictio-

369 2034 520 2085 nibus,
555 2036 724 2075 etiamsi
756 2048 904 2074 verum
940 2033 1046 2073 illud
1081 2035 1162 2082 sit,
1196 2042 1338 2074 tamen
1372 2033 1423 2073 ad
1454 2033 1596 2074 locum
1620 2036 1815 2086 proposi-

368 2121 455 2152 tum
493 2127 576 2152 non
612 2112 862 2152 convenire.
939 2109 1054 2158 Quid
1087 2110 1231 2150 enim}
1292 2109 1494 2164 Magisne
1539 2119 1700 2151 certum
1744 2109 1814 2151 Ci-

366 2203 464 2228 cero
497 2188 676 2241 putabat
710 2188 903 2227 viderive
941 2187 1139 2237 volebat,
1174 2200 1264 2227 esse
1293 2187 1342 2226 id
1370 2187 1634 2236 iumedz‘lecm,
1671 2202 1811 2242 quam,

366 2278 450 2304 mm
493 2279 582 2305 esse
608 2264 822 2313 saelum?
886 2264 1086 2313 Scilicet,
1134 2272 1178 2303 ut
1215 2262 1264 2303 fit
1302 2265 1344 2303 in
1389 2265 1472 2304 ista
1512 2265 1702 2314 ratione,
1750 2265 1814 2304 vir

367 2340 631 2380 clarissimus
664 2341 855 2380 confudit
887 2341 1080 2380 multtum
1111 2354 1202 2380 esse
1234 2349 1276 2380 et
1306 2354 1392 2380 rem
1422 2341 1628 2390 audilam,
1659 2342 1701 2380 in
1729 2355 1812 2394 qua

365 2417 518 2456 incerti
552 2415 714 2469 aliquid
747 2415 859 2455 solet
890 2429 999 2456 esse.
1063 2414 1215 2455 Codex
1240 2416 1498 2456 parisiensis
1526 2414 1669 2465 habet,
1698 2416 1810 2469 quod

366 2493 496 2533 etiam
534 2506 593 2532 ex
625 2491 834 2531 Bernensi
865 2491 1048 2530 fortasse
1081 2491 1347 2540 adferretur,
1394 2492 1431 2529 si
1474 2505 1556 2531 non
1589 2491 1640 2530 ad
1673 2491 1809 2532 solam

365 2583 515 2610 vocem
548 2576 869 2608 controversam
902 2567 1205 2608 attendissent:
1246 2580 1328 2605 non
1362 2567 1480 2606 modo
1499 2566 1677 2615 factam
1711 2574 1811 2610 (teile

364 2659 575 2698 wmqmtm
609 2651 694 2694 est,
724 2649 770 2684 in
800 2649 916 2685 omni
945 2648 1147 2683 memore'a
1174 2647 1369 2692 sil-etc„
1405 2658 1460 2683 ex
1490 2658 1572 2698 quo
1606 2643 1808 2685 efficitur:

364 2735 445 2761 uon
482 2722 600 2761 modo
622 2720 799 2771 sactum
832 2734 1066 2777 uunquam,
1100 2726 1163 2760 sel
1193 2724 1237 2760 ia
1267 2724 1381 2761 omui
1413 2724 1611 2761 memoria
1639 2725 1695 2762 si!
1725 2736 1809 2760 om-

362 2801 462 2838 m'uo
495 2802 536 2839 e'n
543 2798 746 2839 audilam.
