1981 3390
1455 274 1553 323 399

176 399 388 452 corrupti;
430 410 527 438 nam
569 404 612 436 et
648 405 795 434 vocem
835 404 970 447 qetare
1009 389 1302 431 conclusionis
1330 392 1513 433 indicem
1545 393 1620 436 lia-

174 475 277 515 bent
308 484 366 525 et,
396 474 522 514 modo
548 479 662 512 recte
694 468 827 510 verba
852 482 1042 523 separeS,
1074 468 1197 508 labor
1228 467 1468 509 subiectum
1499 470 1621 511 verbi

174 552 385 599 deterret,
417 551 484 590 cui
516 548 777 589 contrarium
802 547 984 586 infertur
1005 544 1113 586 illud
1145 559 1228 585 non
1251 559 1359 600 qno:
1407 545 1552 594 (enare
1575 552 1621 587 in

171 627 251 668 hoc
272 639 435 681 genere
460 625 583 666 labor
605 653 640 664 ..
670 622 859 664 hommes
890 637 917 663 a
949 623 1090 663 studio
1123 651 1161 663 ..
1193 624 1394 674 delet-rel,
1421 637 1505 663 uon
1536 638 1618 679 quo

171 712 252 744 etc.
310 703 484 753 Restat,
535 711 581 742 ut
622 710 719 756 post
760 701 882 741 labor·
926 715 985 741 ex
1019 700 1095 741 illo
1130 699 1299 748 efiemlc'
1330 702 1447 754 (nam
1483 701 1619 751 confi-

172 781 319 822 ciendi
348 790 390 822 et
424 779 669 828 confitendi
698 779 810 819 unde
844 779 1056 832 originem
1090 776 1301 827 habeant,
1335 793 1463 833 quum
1498 779 1618 820 vidc-

170 872 317 909 amus,
350 858 586 899 omittenda
612 856 747 909 sunt,)
779 854 1061 908 exsculpatur
1094 855 1306 896 eiusmodi
1343 856 1620 908 vocabulum,

170 935 282 990 quod
315 944 357 976 et
386 934 597 990 reliquam
628 933 795 974 salvam
826 941 1001 987 praestet
1029 939 1286 971 structurum
1319 940 1362 972 et
1391 932 1500 973 illud
1532 940 1619 974 stu·

170 1012 339 1066 dieque,
366 1012 476 1066 quod
509 1020 575 1052 est
606 1012 649 1050 in
679 1008 824 1059 codd.,
865 1017 1012 1063 aptum
1042 1007 1213 1055 reddat3
1261 1022 1359 1049 nam
1390 1009 1501 1063 quod
1531 1019 1619 1051 tres

169 1088 480 1138 oxonienses,
511 1086 674 1128 nullius
705 1087 999 1135 auctoritatis,
1035 1084 1316 1140 particulam,
1350 1099 1478 1141 quum
1510 1087 1621 1128 nihil

168 1164 401 1216 haberent,
452 1165 564 1220 quod
603 1179 656 1205 ea
699 1164 915 1213 facerent,
967 1162 1275 1214 excluserunt,
1323 1162 1375 1203 ad
1416 1177 1494 1204 nos
1532 1178 1619 1205 non

165 1243 369 1297 pertinet.
433 1241 687 1297 Legendum
731 1249 797 1281 est
841 1241 995 1296 igitur:
1057 1238 1201 1287 Quare
1251 1244 1298 1281 2'12
1339 1239 1419 1280 hoc
1457 1255 1619 1295 genere

168 1318 292 1359 labor
339 1318 613 1368 offendit
667 1317 856 1357 homines
912 1331 940 1356 α
993 1317 1218 1372 studioque
1266 1318 1479 1367 deterret,
1533 1331 1618 1359 non

169 1410 250 1450 quo
283 1404 364 1437 etc.
439 1395 530 1436 Iam
576 1408 637 1436 ex
680 1393 863 1435 salebris
900 1395 1168 1434 emersimus.
1241 1393 1457 1449 Exemplo
1491 1394 1621 1435 simul

168 1487 254 1513 non
287 1486 374 1513 uno
405 1473 533 1513 modo
571 1473 910 1512 demonstratum
945 1480 1037 1522 est,
1069 1471 1168 1526 quid
1208 1473 1287 1521 sit,
1328 1479 1374 1510 ut
1414 1472 1532 1522 dixi,
1574 1473 1618 1512 in

168 1548 327 1590 Orellii
359 1549 607 1589 huiusmodi
654 1548 848 1589 locorum
894 1549 1149 1589 tractatione
1186 1548 1540 1603 improbandum,
1574 1550 1618 1589 in

166 1625 352 1667 aliorum
383 1627 555 1681 quidem
587 1625 821 1666 multorum
851 1625 988 1666 multo
1017 1626 1171 1679 magis·
1234 1624 1453 1675 Ceterum,
1486 1627 1523 1665 si
1546 1627 1620 1680 qui

166 1704 355 1744 nondum
387 1704 588 1753 credunt,
621 1711 719 1758 post
746 1711 809 1743 tot
840 1704 1032 1743 virorum
1065 1710 1213 1752 curaS,
1246 1702 1318 1757 qui
1352 1701 1433 1742 hoc
1462 1703 1619 1756 ipsum,

165 1782 336 1836 scriptis
371 1789 562 1821 veterum
595 1780 767 1821 assidue
794 1781 1031 1830 immorari,
1067 1778 1228 1820 bonum
1259 1793 1367 1834 opus
1395 1779 1620 1834 putabant,

162 1872 340 1913 prorsus
377 1858 428 1898 de
469 1859 640 1913 integro
672 1856 905 1898 multarum
940 1852 1172 1897 Ciceronis
1195 1858 1438 1897 orationum
1473 1872 1619 1898 emen-

164 1936 381 1976 dationem
430 1948 525 1976 esse
582 1934 913 1984 instituendam,
978 1935 1033 1974 iis
1089 1946 1242 1982 nari-0,
1302 1934 1473 1973 etiamsi
1523 1935 1618 1987 quis

166 2026 315 2052 omnes
348 2021 447 2052 ante
489 2011 773 2053 Garatonium
813 2011 1000 2051 editores
1038 2011 1381 2063 interpretesque
1411 2009 1619 2051 adhibue—

164 2091 243 2139 rit,
291 2090 329 2129 si
359 2088 549 2129 editione
583 2088 831 2129 Oxoniensi
871 2088 1082 2137 caruerit,
1130 2100 1182 2126 ne
1228 2085 1409 2127 verbum
1447 2087 1618 2142 quidem

166 2180 264 2207 eum
304 2180 442 2220 neque
489 2166 539 2205 de
585 2165 670 2205 loci
713 2164 966 2205 difficultate
1009 2178 1147 2219 neque
1189 2163 1241 2203 de
1274 2165 1495 2217 scriptur-m
1533 2164 1619 2204 dis·

167 2245 388 2297 crepantia
430 2251 715 2297 reperturum.
781 2241 1043 2282 Garatonius
1086 2241 1285 2290 adnotat,
1327 2241 1622 2296 pro-dicendi

164 2321 348 2374 reperiri
390 2321 520 2360 etiam
560 2319 769 2359 discendi.
845 2319 900 2359 Et
943 2320 979 2358 is
1020 2319 1191 2373 quidem
1234 2319 1327 2358 sine
1372 2317 1499 2372 culpa
1538 2326 1619 2367 est,

167 2398 368 2452 qnoniam
396 2398 489 2451 ipse
526 2395 643 2437 solas
675 2405 844 2437 veteres
875 2396 1086 2436 editiones
1111 2396 1196 2435 iam
1227 2394 1509 2450 interpolatas
1537 2394 1620 2434 hoc

163 2473 261 2515 loco
297 2483 339 2514 et
369 2473 526 2514 similis
561 2474 735 2529 generis
768 2473 958 2514 codicem
1000 2472 1166 2513 habuit.
1223 2472 1272 2513 In
1304 2474 1508 2528 proximo
1539 2486 1618 2526 pro

164 2555 206 2591 ει·
246 2563 338 2590 sese
380 2552 508 2592 etiam
556 2551 695 2592 Paris.
741 2549 871 2592 habet
911 2555 953 2592 si
986 2565 1055 2602 se,
1098 2563 1205 2591 sono
1249 2551 1391 2590 minus
1435 2552 1619 2603 ingrato.

165 2627 375 2668 Proximo
409 2629 548 2682 capite
577 2629 633 2669 ‘20
665 2637 880 2679 extremo,
915 2632 938 2679 ξ
969 2631 1040 2679 50,
1074 2627 1147 2668 ubi
1182 2626 1413 2667 edebatur:
1445 2631 1521 2664 cml
1543 2629 1620 2664 im-

157 2704 374 2758 pudentia
407 2709 451 2742 et
480 2703 582 2744 ltm'c
621 2711 665 2745 et
698 2710 853 2746 ceteris
886 2720 1084 2760 magnam
1123 2705 1182 2745 ad
1222 2718 1266 2743 se
1301 2701 1617 2750 (lrfemlemlnm

153 2781 421 2829 facullalem
468 2779 610 2831 dabit,
662 2781 856 2822 Orellius
899 2785 1137 2824 rectissime
1178 2781 1280 2822 Aldi
1322 2783 1425 2829 (tam
1468 2792 1616 2817 recens

167 2860 280 2898 enim
325 2858 408 2907 est)
455 2856 831 2911 interpolationem
873 2862 1068 2909 notavit,
1120 2858 1429 2911 ineptissimam
1484 2855 1614 2907 (quod
