1981 3390
417 255 518 304 278

350 382 554 432 possunt,
604 386 732 429 quam
775 385 925 433 earum
972 371 1195 412 civitatum
1246 368 1467 418 homines,
1520 364 1677 422 quibus
1727 367 1797 408 ius

353 452 471 495 Latii
500 452 647 492 datum
678 458 771 492 erat
783 470 803 501 ,Α
839 450 1013 490 ductum
1053 463 1079 488 a
1111 447 1294 489 coloniis
1322 446 1508 487 Latinis.
1569 443 1663 485 Iam
1693 442 1800 486 Nie-

355 530 538 572 buhrius
589 528 844 569 Latinorum
888 526 1168 566 Iunianorum
1223 532 1382 564 statum
1434 521 1802 563 accommodatum

356 615 480 664 putat
525 606 580 647 ad
624 604 892 645 coloniarum
939 601 1117 642 illarum
1163 600 1598 656 Transpadanarum,
1651 599 1805 640 harum

360 693 505 727 autem
541 685 734 737 ipsarum
773 681 842 719 ius
885 679 1101 729 deterius,
1147 692 1275 733 quam
1303 685 1510 743 fetorum
1547 677 1805 718 Latinorum

362 770 462 803 ante
490 760 636 814 legem
667 756 838 806 Iuliam,
872 755 1023 806 fuisse,
1056 755 1169 810 quod
1202 753 1417 794 connubio
1448 763 1614 795 careret
1646 763 1690 795 et
1717 755 1806 795 iso-

362 837 519 893 politia
549 835 649 886 illa,
684 833 1036 888 appellatumque
1077 833 1123 872 in
1158 831 1256 872 loco
1292 830 1476 887 quodam
1506 845 1658 871 manco
1692 829 1808 881 Gaii,

366 929 494 971 quem
510 912 714 968 supplere
741 911 900 962 studet,
932 910 1108 950 Latium
1128 912 1282 959 miuus,
1306 917 1354 948 ut
1379 910 1532 949 maiori
1549 910 1810 950 contrarium

366 999 483 1033 esset
504 990 558 1044 1).
625 989 674 1031 In
703 1003 787 1045 quo
817 996 1100 1044 praeterquam
1136 986 1248 1040 quod
1280 985 1392 1027 alius
1424 987 1674 1040 gravissimi
1712 985 1814 1027 Gaii

366 1069 454 1110 loci
484 1067 646 1109 oblitus
677 1074 767 1117 est,
809 1080 935 1121 quem
967 1063 1099 1120 paulo
1128 1072 1228 1118 post
1263 1064 1469 1114 afferam,
1509 1065 1693 1118 primum
1727 1076 1814 1103 non

369 1145 697 1195 animadvertit,
725 1143 923 1197 Pompeii
949 1140 1177 1185 Strabonis
1208 1140 1325 1195 lege,
1355 1155 1448 1196 quae
1481 1139 1655 1181 turbata
1684 1138 1815 1181 Italia

370 1222 490 1265 bello
517 1220 670 1263 sociali
691 1222 786 1262 sine
811 1219 940 1261 dubio
964 1219 1016 1259 ad
1037 1218 1318 1259 avertendum
1336 1217 1661 1272 Transpadanus
1684 1219 1816 1258 etiam

372 1301 566 1355 regionis
597 1305 760 1338 motum
790 1297 881 1337 lata
910 1304 1001 1346 est,
1043 1296 1185 1336 minus
1219 1293 1448 1334 honestum
1477 1302 1652 1345 statum,
1688 1307 1816 1349 quam

371 1391 574 1419 verorum
586 1375 842 1417 Latinorum
864 1373 1021 1424 fuerat,
1045 1372 1194 1413 offerri
1219 1386 1303 1412 non
1326 1373 1543 1427 potuisse;
1573 1371 1743 1421 deinde,
1773 1378 1820 1410 ut

372 1454 453 1495 illa
482 1453 535 1494 dc
568 1451 791 1507 isopolitia
822 1465 928 1492 vera
959 1451 1070 1500 sint,
1104 1464 1197 1505 quae
1219 1449 1331 1490 falsa
1353 1457 1468 1500 sunt,
1500 1450 1561 1490 ita
1595 1457 1736 1489 tamen
1771 1461 1819 1488 se

377 1530 588 1586 implicat,
615 1538 663 1569 ut
679 1530 847 1570 exitum
868 1542 953 1568 non
971 1529 1172 1582 reperiat.
1233 1526 1346 1568 Nam
1364 1540 1471 1581 quos
1487 1527 1629 1566 minus
1646 1525 1822 1566 Latium

376 1607 581 1650 habuisse
613 1606 729 1655 dicit,
761 1612 972 1660 perpetuo
1000 1605 1301 1646 commercium
1329 1610 1574 1652 tenuerunt,
1602 1601 1685 1652 illi,
1715 1615 1823 1657 quos

378 1686 518 1726 maius
550 1682 755 1724 habuisse
786 1690 932 1737 putat«,
972 1683 1065 1721 eius
1093 1682 1296 1736 opinione
1327 1688 1416 1720 tum
1448 1680 1618 1720 demum
1648 1693 1824 1734 accepe-

380 1770 504 1813 runt,
544 1762 581 1822 §i
615 1760 798 1802 Romam
831 1760 1092 1814 migrarant3
1132 1767 1174 1799 et
1207 1766 1348 1799 tamen
1381 1759 1473 1812 ipse
1508 1771 1567 1797 ex
1597 1755 1679 1797 hoc
1710 1770 1826 1797 com·

381 1840 531 1882 mercii
561 1851 667 1887 usu,
698 1851 784 1877 non
817 1850 878 1876 ex
907 1835 1137 1886 connubio,
1164 1835 1276 1891 quod
1304 1833 1525 1876 veteribus
1542 1833 1709 1874 Lati-nis
1738 1833 1826 1884 dat,

382 1919 544 1958 civium
575 1913 913 1970 appellationem
944 1914 1201 1968 pependisse
1235 1912 1351 1963 vult,
1379 1920 1427 1952 ut
1458 1912 1624 1952 civitati
1653 1911 1828 1965 propio-

381 2008 452 2036 res
489 1993 675 2042 fuerint,
720 2005 825 2047 quos
864 1992 1091 2032 inferiores
1131 1998 1269 2045 putat.
1334 1988 1486 2044 Itaque
1529 1987 1609 2028 illo
1655 1987 1826 2043 quidem

476 2187 617 2220 niurias
642 2184 699 2217 vel
726 2183 883 2217 eiusdem
912 2182 1144 2222 condicionis,
1171 2183 1274 2217 cuius
1300 2187 1336 2218 et
1358 2183 1431 2227 ipsi
1453 2183 1572 2216 essent
1589 2183 1658 2214 etc.
1677 2177 1829 2224 Ulpian.

473 2247 626 2291 Fragm.
653 2243 768 2283 XIX,
805 2243 849 2276 4:
889 2243 1115 2286 Mane-ipatio
1141 2244 1258 2278 locum
1281 2245 1391 2278 habet
1414 2244 1508 2277 inter
1533 2241 1627 2274 cives
1654 2239 1835 2272 Romanos

481 2310 516 2339 ct
551 2305 702 2338 Latinos
737 2303 941 2335 cotonarias
977 2305 1196 2347 Latinosque
1238 2305 1413 2338 quianos
1446 2312 1574 2344 eosque
1603 2299 1834 2343 peregrino-3,

480 2366 608 2410 quibus
633 2362 875 2397 commercium
910 2363 1035 2395 clatum
1060 2368 1124 2396 est.

414 2428 454 2472 ³)
477 2427 621 2465 Locus,
659 2423 722 2467 qui
751 2426 806 2456 est
830 2422 896 2455 lib.
930 2422 947 2454 I
969 2423 988 2464 ζ)
1014 2422 1080 2461 96,
1114 2421 1151 2454 in
1187 2421 1348 2455 editione
1375 2419 1600 2454 Goesehenii
1628 2430 1671 2452 ex
1695 2418 1835 2459 codice,

482 2485 712 2532 pra‘ccdente
735 2484 884 2523 lacuna,
910 2482 962 2515 sic
984 2481 1181 2515 scribitur:
1209 2500 1252 2506 —
1275 2499 1320 2505 —-
1344 2497 1389 2506 —
1413 2481 1670 2523 magistratum
1686 2483 1835 2524 gerunt,

479 2547 663 2581 civitatem
701 2543 900 2576 Romanam
935 2547 1219 2586 consequuntur,
1255 2542 1371 2574 minus
1409 2541 1521 2574 latum
1565 2540 1756 2583 (Blumiue
1799 2540 1838 2574 iu

484 2608 564 2642 cod.
599 2604 696 2651 legit
730 2604 880 2647 lanum)
916 2609 990 2643 est,
1027 2615 1105 2636 cum
1130 2604 1170 2636 1ιὶ
1195 2607 1353 2641 tantum,
1390 2603 1452 2645 qui
1486 2602 1544 2634 vel
1578 2602 1838 2645 magistratum

481 2668 538 2702 vel
563 2667 731 2699 honorem
755 2669 911 2708 gerunt,
949 2666 999 2698 ad
1025 2666 1207 2698 civitatem
1234 2664 1432 2697 Romanam
1456 2663 1683 2706 perveniunt.
1740 2661 1782 2694 Id
1803 2660 1840 2695 is

484 2731 539 2766 ita
561 2730 640 2764 sere
665 2729 911 2773 supplendum
944 2729 1069 2772 putat:
1119 2725 1241 2758 Maius
1268 2723 1411 2756 Latium
1438 2727 1610 2763 vocatur,
1652 2733 1732 2755 enm
1756 2721 1835 2765 qui-

481 2803 618 2835 cunque
643 2790 766 2823 Romoe
798 2801 925 2823 munus
944 2788 1116 2831 faciunt,
1149 2798 1217 2819 non
1241 2784 1279 2818 hi
1305 2788 1465 2822 tansum,
1501 2784 1564 2826 qni
1595 2783 1838 2826 magistratus

482 2857 639 2898 gerunt,
668 2852 846 2886 civitatem
874 2852 972 2886 Rom.
1000 2851 1287 2893 consequuntur5
1322 2846 1435 2879 nn'nus
1463 2844 1608 2879 Latium
1635 2847 1687 2877 cst
1714 2846 1782 2879 etc.
