1981 3390
423 231 523 280 312

360 355 598 403 mirantur,
646 362 731 406 quo
761 349 1018 391 referantur.
1091 348 1243 404 Itaque
1276 349 1445 391 additur
1480 350 1567 391 iam
1612 348 1711 390 inde
1753 347 1808 389 ab

362 429 553 470 editione
592 429 766 469 Iuntina
805 442 847 468 v.
888 429 985 467 608.
1061 427 1173 477 Sed,
1214 435 1262 467 ut
1298 428 1463 478 dicam,
1508 426 1620 481 quod
1654 426 1811 475 sentio,

361 505 489 561 plura
516 505 579 547 ibi
609 505 893 554 exciderunt,
935 517 1061 557 quam
1097 517 1190 558 qnae
1215 504 1294 544 illo
1324 519 1410 545 uno
1439 518 1569 545 versu
1599 504 1812 543 dicuntur.

365 583 495 625 Certe
538 598 592 624 ne
632 582 711 623 illo
754 581 926 635 quidem
973 579 1273 634 supplemento
1313 581 1457 622 addito
1487 590 1603 622 recte
1635 581 1809 635 ponitur

363 664 608 715 principio,-
642 656 860 713 significat
893 657 1007 696 enim
1036 657 1082 696 in
1113 658 1183 706 iis,
1208 671 1300 711 quae
1321 660 1632 711 praecesserint,
1666 657 1813 712 plures

366 751 438 778 res
474 735 835 789 comprehensas,
878 746 938 773 ex
967 732 1123 787 quibus
1156 734 1343 787 primum
1375 743 1503 788 poeta
1531 736 1663 775 maris
1693 743 1817 775 natu-

367 828 463 855 ram
504 812 728 867 expediat.
795 810 946 865 Itaque
979 810 1133 850 horum
1179 818 1222 850 et
1261 810 1468 850 similium
1505 810 1698 851 locorum
1736 815 1817 862 (ex

371 890 527 946 quibus
558 904 670 930 nunc
702 889 912 929 succurrit
940 886 1033 937 III,
1070 887 1179 936 614,
1209 887 1285 927 ubi
1315 889 1603 928 recentissimi
1633 888 1819 928 editores

371 969 427 1010 ad
457 968 772 1008 nominativum
794 968 951 1018 anguis·
977 978 1063 1004 non
1093 964 1403 1014 attenderunt),
1437 979 1488 1005 ea
1521 973 1587 1004 est
1615 966 1741 1015 ratio,
1773 972 1822 1004 ut

372 1058 527 1087 versus
547 1044 648 1084 illos
671 1057 756 1083 non
773 1041 933 1095 abipso
947 1040 1152 1081 Lucretio
1167 1042 1348 1096 scriptos
1371 1055 1483 1091 esse,
1513 1043 1618 1082 satis
1641 1049 1823 1092 constet,

373 1122 448 1163 sed
460 1129 604 1161 tamen
623 1119 870 1160 huiusmodi
887 1118 1049 1172 aliquid
1069 1118 1302 1158 desiderari
1317 1115 1591 1158 manifestum
1602 1120 1676 1169 rsit,
1691 1133 1821 1173 quum

376 1212 526 1240 omnes
545 1198 713 1238 codices
727 1196 781 1237 ob
795 1209 1064 1238 communem
1077 1195 1288 1250 originem
1304 1196 1442 1235 manci
1453 1196 1553 1234 sint.
1611 1194 1702 1234 Iam
1716 1195 1823 1235 haec

375 1276 611 1330 disputatio
646 1275 698 1315 ad
729 1289 781 1314 ea
815 1273 1125 1322 transferetur,
1169 1285 1348 1325 quorum
1382 1285 1511 1311 causa
1540 1271 1631 1311 haec
1662 1285 1825 1325 praepa-

376 1354 487 1393 ravi.
568 1351 806 1391 Ostendam
848 1350 962 1390 enim
1004 1350 1049 1388 in
1087 1362 1173 1388 uno
1213 1348 1310 1388 loco
1350 1347 1452 1388 libri
1471 1349 1642 1403 ‹qn-imi,
1683 1347 1821 1388 altero

377 1429 554 1471 secundi
590 1427 769 1469 lacunas
808 1441 903 1468 esse
944 1425 1227 1480 complurium
1273 1439 1502 1475 versuum,
1544 1425 1698 1479 quibus
1741 1439 1827 1466 non

378 1506 693 1548 animadversis
736 1506 848 1545 ratio
897 1504 1122 1544 sententiae
1169 1511 1212 1542 et
1256 1501 1487 1542 verborum
1534 1503 1655 1542 reddi
1706 1501 1825 1542 nullo

380 1584 507 1624 modo
539 1591 655 1623 recte
694 1583 846 1638 possit.
912 1579 1169 1630 Disputatur
1200 1580 1244 1618 in
1278 1578 1423 1632 aliqua
1459 1586 1580 1632 parte
1610 1577 1713 1618 libri
1741 1579 1828 1630 pri-

381 1662 465 1711 mi,
501 1659 641 1700 Omne
680 1655 749 1709 (τό
784 1657 911 1718 suiv)¹
949 1654 1165 1696 infinitum
1209 1669 1333 1705 esse,
1378 1669 1557 1709 corpore
1603 1663 1645 1694 et
1688 1656 1827 1710 spatio

380 1739 503 1778 inani
544 1750 715 1791 quoquo
759 1748 912 1775 versus
960 1734 1053 1773 sine
1091 1732 1229 1772 limite
1271 1730 1544 1786 patentibus,
1586 1732 1741 1786 idque,
1780 1740 1830 1772 ut

384 1814 498 1856 solet
530 1812 627 1853 fieri
666 1814 712 1852 in
745 1812 920 1866 Epicuri
953 1809 1182 1864 disciplina
1225 1817 1268 1849 et
1306 1809 1417 1861 apud
1460 1808 1709 1849 Lucretium
1753 1823 1831 1850 sae-

383 1892 581 1947 pissime,
612 1891 756 1945 agitur
785 1887 940 1928 iisdem
964 1887 1229 1942 argumentis
1259 1900 1412 1940 parum
1443 1885 1676 1935 subtiliter,
1709 1888 1832 1941 quasi

386 1969 560 2009 diversa
604 1969 716 2018 sint,
767 1967 812 2006 in
853 1964 983 2005 aliam
1030 1972 1157 2019 atque
1203 1962 1332 2003 aliam
1373 1963 1556 2003 formam
1596 1965 1832 2005 conversis.

387 2045 483 2087 Hoc
514 2045 610 2086 loco
641 2044 686 2085 hi
719 2057 872 2085 versus
900 2050 1116 2098 ponuntur
1149 2042 1276 2094 (1007
1305 2037 1437 2095 sqq.):

499 2198 600 2253 Ipsa
631 2198 804 2239 modum
838 2211 967 2252 porro
1000 2196 1085 2239 sibi
1116 2210 1261 2238 rerum
1293 2208 1460 2236 summa
1487 2200 1642 2249 pai-are

501 2275 568 2315 Ne
599 2278 761 2330 possit,
793 2284 946 2316 natura
978 2283 1120 2324 tenet,
1156 2275 1256 2328 quia
1289 2286 1442 2327 corpus
1471 2273 1606 2322 inani,

501 2351 557 2391 Et
589 2352 701 2405 quod
727 2354 855 2392 inane
888 2360 1031 2391 autem
1065 2359 1156 2400 est,
1197 2348 1313 2389 finiri
1349 2361 1528 2402 corpore
1558 2348 1688 2401 cogit,

503 2428 562 2470 Ut
592 2429 654 2468 sic
686 2428 864 2468 alternis
894 2426 1064 2467 infinita
1097 2427 1241 2466 omnia
1267 2425 1429 2464 reddat.

502 2505 593 2546 Aut
624 2507 754 2546 etiam
781 2504 1035 2545 alterutrum
1071 2504 1153 2543 nisi
1180 2503 1378 2542 terminet
1411 2501 1592 2542 alterum
1627 2514 1777 2542 eorum

464 2565 473 2577 ὁ
506 2582 712 2639 Simplice
743 2591 895 2622 natura
922 2589 1068 2636 pateat
1098 2589 1240 2620 tamen
1274 2579 1604 2618 immoderatum

507 2659 600 2702 Nec
629 2674 746 2701 mare
779 2674 858 2700 nec
891 2658 1019 2699 tellus
1052 2671 1130 2697 nec
1163 2655 1274 2697 coeli
1303 2655 1445 2695 lucida
1476 2653 1638 2708 templa

508 2737 599 2779 Nee
626 2736 807 2779 mortale
840 2749 977 2792 genus
1009 2749 1087 2775 nee
1119 2734 1264 2774 divom
1297 2747 1475 2787 corpora
1506 2740 1652 2774 sancta

506 2816 728 2870 Exiguum
761 2823 937 2870 possent
968 2814 1091 2855 horai
1121 2812 1272 2852 sistere
1306 2820 1485 2864 tempus.
