1981 3390
456 228 522 277 92

388 358 431 392 et
473 348 584 406 quod
634 347 794 391 alicubi
841 349 1015 391 diversa
1056 363 1152 391 esse
1207 358 1454 408 poematum
1495 350 1836 406 genera'dixit,

387 429 533 470 onmia
573 429 718 482 poesis
758 441 921 482 genera
960 442 1196 484 omnesque
1237 437 1386 470 aetates
1419 443 1523 472 eum,
1559 427 1839 483 complexum

389 520 485 548 esse
505 505 789 547 concluditur.
835 503 1002 546 Iudicia
1015 521 1184 562 quoque
1199 507 1250 548 de
1265 509 1370 563 ipsis
1382 508 1520 562 poetis
1538 508 1838 562 poematisque

385 585 722 639 interposuisse,
783 597 841 623 ex
869 584 1124 639 fragmentis
1154 592 1286 639 patet.
1342 583 1478 625 Prosa
1509 586 1704 625 oratione
1734 586 1839 625 scri-

385 670 483 717 ptos
510 660 650 700 -fuisse
679 659 838 710 libros,
881 669 927 700 ut
955 659 1179 702 Mercerus
1209 670 1324 702 recte
1356 663 1638 712 iudicaverit,
1678 662 1840 704 frustra

387 738 548 788 fuisse,
608 738 680 792 qui
728 737 973 793 fragmenta
1022 739 1067 777 in
1114 752 1266 778 versus
1311 739 1511 793 digerere
1561 740 1842 791 studuissent,

388 830 519 871 quum
564 817 661 869 ipsa
701 817 948 871 argumenti
1002 814 1392 871 exemplorumque
1442 830 1682 871 graecorum
1729 819 1840 858 ratio

389 903 478 935 tum
509 909 561 935 ea
591 895 810 944 evincunt,
843 907 936 948 quae
972 893 1085 949 apud
1115 901 1284 934 veteres
1315 895 1548 948 scriptores
1577 894 1678 935 inde
1708 897 1842 936 citan-

387 982 480 1023 tur,
543 972 814 1027 apertissime
854 970 989 1011 Gellii
1030 970 1117 1012 loci
1150 976 1200 1011 -et
1226 971 1382 1027 fragm.
1410 971 1512 1012 libri
1542 974 1645 1013 noni
1707 972 1841 1024 (ultra

388 1065 514 1106 quem
547 1047 695 1090 nullus
728 1049 902 1102 citatur)
963 1050 1076 1104 apud
1105 1048 1309 1090 Nonium.
1404 1049 1515 1102 Sed,
1573 1059 1621 1091 ut
1663 1060 1762 1092 ante
1796 1053 1842 1092 in

388 1142 520 1169 unum
553 1127 737 1168 collecta
764 1128 865 1178 sint,
899 1141 993 1182 quae
1030 1127 1083 1168 ad
1116 1142 1190 1168 eos
1222 1126 1359 1169 libros
1390 1129 1713 1184 cognoscendos
1746 1144 1842 1184 per-

387 1207 579 1256 tineant,
618 1219 746 1260 quam
780 1205 833 1246 ad
863 1195 1177 1246 dubitationem
1210 1198 1263 1245 de
1297 1206 1352 1246 iis
1381 1214 1541 1246 motam
1572 1207 1840 1257 accedamus,

388 1282 657 1323 afferendum
688 1296 783 1322 esse
815 1282 1013 1332 videtur,
1075 1282 1277 1337 quicquid
1309 1296 1369 1322 ex
1401 1283 1456 1322 iis
1489 1282 1614 1323 libris
1644 1293 1841 1338 superest

383 1360 682 1416 reliquiarum.
739 1359 882 1401 Locos
907 1361 1165 1415 scriptorum
1195 1361 1282 1401 iam
1302 1358 1379 1400 alii
1400 1360 1659 1411 indicarunt,
1694 1375 1839 1402 emen-

389 1439 629 1480 dandorum
659 1438 1000 1493 fragmentorum
1035 1436 1313 1492 pel-brevium
1343 1453 1480 1493 parva
1513 1447 1579 1479 est
1612 1441 1751 1494 copia.

505 1517 579 1557 Ex
621 1515 736 1556 libro
774 1517 912 1570 primo
951 1516 1060 1556 duos
1097 1513 1217 1556 locos
1260 1514 1430 1557 Nonius
1469 1519 1595 1567 citat,
1655 1516 1838 1558 alterum

385 1609 486 1651 pag.
514 1586 595 1635 341
622 1592 758 1635 Mero.
788 1593 858 1648 (de
889 1609 980 1635 var.
1011 1594 1159 1649 signif.
1189 1607 1317 1635 serm.
1349 1609 1388 1634 v.
1419 1597 1649 1645 ›muctar-ek
1677 1595 1842 1636 Accius

387 1673 685 1714 didascalicon
725 1671 863 1728 (vulg.
911 1672 1199 1723 didascalico)
1241 1671 1351 1713 libro
1394 1672 1449 1713 I:
1517 1666 1842 1728 Sapientiaeque

384 1756 562 1794 invictae
601 1754 754 1805 gratia
793 1754 928 1804 atque'
960 1749 1134 1791 lionoris
1167 1755 1328 1804 palera
1370 1749 1598 1791 Nestorem
1635 1755 1841 1793 mactavit

387 1843 522 1872 aurea
564 1829 683 1884 (qui,
724 1837 771 1869 ut
801 1827 1025 1871 Mercerus
1071 1827 1320 1879 intellexit,
1360 1828 1414 1868 ad
1443 1827 1570 1869 Iliad.
1601 1829 1768 1870 XXIII
1801 1845 1841 1871 v.

385 1908 469 1948 615
498 1921 590 1962 sqq.
619 1915 816 1960 spectare
850 1907 1062 1958 videtur);
1126 1906 1310 1948 alterum
1349 1921 1391 1962 p.
1437 1907 1521 1947 514
1557 1906 1629 1960 (de
1662 1907 1836 1948 indiscr.

386 1983 564 2026 adverb.
597 1998 640 2024 v.
681 1985 959 2037 inimiciter->t
1010 1986 1176 2025 Accius·
1224 1985 1586 2025 didascalia-orma
1638 1983 1747 2024 libro
1784 1984 1839 2026 1.-

385 2064 571 2106 Placare
597 2061 756 2102 hostem
773 2060 975 2112 feroce-m
1008 2066 1329 2118 inimiciter-que
1356 2075 1596 2103 accensum.
1653 2061 1837 2103 Priscia-

385 2156 466 2183 nus
496 2157 537 2197 p.
566 2142 649 2182 709
680 2140 729 2180 Ρ.
759 2139 851 2181 haec
882 2142 1026 2195 ponit:
1074 2141 1232 2182 Actius
1260 2144 1309 2181 ia
1334 2144 1478 2194 primo
1509 2139 1837 2181 didascalicon:

385 2216 642 2268 Falsidica,
672 2218 851 2269 audax,
880 2222 1012 2272 gnati
1041 2225 1179 2259 muter
1204 2221 1405 2273 pessimi,
1437 2216 1637 2268 odibilis,
1679 2223 1838 2259 nutura

384 2301 542 2352 impos,
583 2307 738 2336 excors
763 2301 808 2336 et
821 2294 950 2344 fera.
1015 2294 1186 2336 Gellius
1217 2293 1293 2335 lib.
1319 2293 1398 2335 ΙΙΙ.
1424 2308 1458 2335 c.
1489 2296 1540 2334 11
1572 2296 1634 2335 ita
1667 2295 1837 2337 scribit:

387 2375 547 2417 Accius
573 2381 717 2414 autem
746 2374 894 2429 (supra
930 2372 983 2414 L.
1015 2374 1199 2417 Accium
1225 2379 1399 2428 poetam
1432 2373 1643 2426 nominat)
1674 2374 1718 2414 in
1751 2375 1836 2429 pri-

387 2469 456 2496 mo
488 2452 777 2494 didascalicon
812 2453 873 2506 (v.
908 2451 1195 2502 didascalico)
1240 2450 1413 2492 levibus
1444 2451 1674 2492 admodum
1706 2465 1833 2508 argu-

389 2534 544 2574 me'ntis
579 2532 726 2582 utitur,
753 2545 830 2586 per
865 2544 958 2585 qum
989 2531 1191 2581 ostendit,
1223 2529 1463 2570 Hesiodum
1497 2537 1600 2570 natu
1632 2531 1836 2584 priorem.

394 2610 519 2660 Quod
541 2609 776 2660 Homerus,
809 2610 972 2664 inquit,
1005 2622 1096 2650 cum
1125 2612 1172 2650 in
1195 2611 1418 2663 principio
1450 2610 1654 2648 carminis
1682 2606 1835 2650 Achil-

389 2692 469 2732 lem
501 2703 592 2731 esse
605 2687 756 2738 filium
789 2687 915 2728 Pelei
938 2687 1127 2737 (liceret,
1161 2689 1256 2741 quis
1287 2691 1396 2727 esset
1426 2685 1608 2734 Peleus,
1643 2697 1726 2724 uoti
1759 2685 1834 2725 ad-

389 2769 526 2817 didm-
562 2781 686 2824 quam
718 2780 802 2807 rem
830 2766 1010 2820 procul,
1052 2766 1214 2820 inquit,
1260 2763 1387 2805 dubio
1421 2763 1632 2807 ‹lta-isset,
1665 2766 1753 2803 nisi
1782 2763 1833 2803 ab

390 2846 578 2888 Hesiodo
611 2849 694 2888 ium
729 2846 883 2887 dictum
920 2843 1149 2885 videretur.
1235 2841 1300 2884 De
1334 2842 1516 2896 Cyclope
1545 2840 1716 2892 itidem,
1770 2842 1831 2882 in-
