1981 3390
446 239 546 288 454

379 366 497 399 recta
525 359 596 399 sit.
667 356 764 398 Hoc
797 364 940 398 autem
971 356 1182 398 Sestianae
1209 354 1306 396 loco
1337 359 1508 409 inquam
1543 368 1596 395 eo
1625 355 1829 407 pertinet,

381 435 494 490 quod
527 436 614 475 iam
651 435 694 475 in
725 432 1022 489 superioribus
1065 433 1360 484 indicaverat,
1403 446 1660 487 quamquam
1697 430 1830 485 paulo

382 510 632 561 obscurius,
674 512 736 550 ita
775 518 821 550 ut
857 511 1114 561 interpretes
1147 523 1193 549 se
1235 523 1320 550 non
1355 509 1613 565 expediant,
1647 508 1834 563 primum

384 588 613 629 eonsilium
652 588 788 627 vestis
825 585 1039 625 mutandae
1079 593 1209 625 extra
1242 594 1440 626 senatum
1472 594 1612 626 ortum
1648 598 1743 624 esse
1777 582 1832 624 ab

384 665 574 719 equestri
617 662 792 712 ordine,
838 663 956 715 (nam
1001 661 1168 715 equites
1209 662 1424 714 principes
1470 670 1593 703 erant
1627 660 1750 701 illius
1787 661 1834 700 in

387 739 650 794 Capitolium
680 745 953 793 congregatae
975 736 1308 786 multitudinis3)
1343 737 1594 793 delatasque
1627 741 1682 780 ad
1710 754 1836 781 sena-

386 825 474 856 tum
519 824 562 856 et
605 813 862 864 Gabinium,
907 815 980 870 qui
1016 822 1211 854 senatum
1257 812 1458 864 haberet,
1498 830 1674 870 preces,
1716 824 1763 855 ut
1793 816 1838 856 id

385 893 561 948 publica
586 894 842 934 auctoritate
865 889 1207 941 confirmaretur,
1237 905 1342 946 quas
1366 891 1491 932 illum
1515 892 1766 948 repudiasse
1783 892 1839 946 ¹).

388 970 540 1025 Itaque
572 984 624 1010 eo
654 983 745 1010 rem
785 983 810 1009 a
849 982 895 1008 se
931 969 1182 1018 reiiciente,
1231 968 1283 1008 L.
1313 968 1501 1010 Ninnius
1533 970 1586 1009 de
1619 983 1671 1010 ea
1702 984 1749 1010 re
1785 969 1840 1010 ad

390 1055 587 1087 senatum
619 1045 784 1086 retulit.
858 1044 944 1085 Sed
974 1045 1017 1083 in
1047 1045 1343 1098 superioribus
1372 1045 1462 1086 iliis
1494 1060 1626 1086 unum
1668 1054 1733 1086 est
1762 1060 1841 1087 vo-

391 1122 593 1165 nabulum
637 1122 874 1163 certissime
919 1121 1196 1170 mendosum,
1248 1136 1504 1177 quamquam
1551 1136 1678 1163 nemo
1707 1123 1840 1163 inter-

390 1209 558 1257 pretum
606 1199 772 1240 haerere
821 1212 867 1238 se
921 1196 1209 1252 significavit3
1260 1197 1461 1239 scribitur
1512 1201 1648 1240 enim:
1695 1212 1842 1252 meque

392 1282 561 1319 etiam
605 1290 680 1316 om
694 1279 753 1316 ni
782 1278 1004 1315 ratione
1031 1279 1206 1329 privato
1236 1276 1416 1316 consilto
1450 1277 1670 1331 (quoniam
1695 1273 1843 1329 publi-

394 1359 456 1396 εἰς
499 1353 678 1395 ducibus·
716 1367 786 1394 res
814 1352 990 1407 publica
1022 1355 1225 1405 carere&
1270 1351 1589 1402 dffemlemlnm
1616 1357 1843 1406 putarunt.

394 1433 480 1474 Sed
513 1435 642 1472 etiam
671 1444 847 1486 prorsus
875 1430 957 1470 dici
992 1429 1062 1471 hic
1100 1444 1184 1470 non
1217 1431 1380 1483 potuit3
1419 1445 1517 1471 nam
1548 1443 1628 1470 nee
1658 1428 1842 1470 addendi

393 1508 756 1565 significationem
787 1507 947 1548 habere
970 1515 1114 1561 potest
1141 1505 1271 1557 (aeccle
1290 1507 1475 1556 aufalle
1503 1506 1664 1555 Weise,
1694 1518 1843 1560 quani-

396 1600 523 1641 quam
553 1585 674 1626 nulla
705 1600 790 1626 una
819 1586 929 1626 ratio
961 1586 1182 1624 nominata
1212 1587 1339 1633 erat,)
1370 1592 1411 1623 et
1439 1583 1574 1624 multo
1599 1584 1741 1623 minus
1763 1581 1845 1622 hoe

395 1672 597 1718 tanquam
622 1663 759 1702 maius
791 1661 952 1716 aliquid
978 1662 1218 1715 comparari
1245 1675 1340 1701 cum
1364 1660 1501 1701 altero
1526 1668 1668 1715 potest
1696 1659 1847 1713 (segur

398 1739 487 1790 aas
511 1740 598 1780 alle
640 1738 812 1786 Weese3
859 1747 902 1778 et
933 1738 1032 1792 quid
1067 1745 1132 1777 est
1163 1726 1397 1791 praeterea,
1429 1751 1512 1791 quo
1545 1735 1652 1777 illud
1686 1736 1847 1776 refera-

397 1826 464 1857 tur
482 1816 527 1868 3).
551 1819 555 1824 '
589 1815 842 1870 Legendum
872 1823 936 1854 est
955 1815 1222 1854 necessario:
1252 1827 1399 1867 meque
1426 1817 1510 1854 iam
1533 1817 1649 1854 omui
1661 1816 1847 1854 racione.

425 2059 459 2098 ¹)
488 2054 586 2089 Mire
611 2053 840 2087 Garatonius
870 2064 1010 2098 negare
1037 2053 1206 2094 videtur,
1249 2052 1389 2097 equites
1425 2054 1470 2086 ad
1500 2052 1705 2086 Gabinium
1730 2051 1767 2085 in
1792 2062 1851 2086 se-

489 2119 620 2149 natum
654 2114 882 2148 intromissos
917 2124 1017 2154 esse,
1050 2113 1148 2157 quod
1175 2117 1316 2147 tantum
1347 2114 1453 2147 illam
1479 2112 1759 2148 multitudinem
1785 2112 1848 2146 ad-

491 2176 644 2210 missam
669 2187 742 2208 non
773 2174 969 2219 probabile
993 2173 1062 2214 sit3
1107 2173 1212 2218 quasi
1236 2186 1308 2207 non
1334 2174 1405 2208 ista
1434 2186 1499 2219 per
1527 2174 1737 2217 allegatos,
1761 2182 1851 2216 quos

490 2248 555 2270 nos
583 2237 777 2278 deputatos
813 2235 1072 2279 appellamus,
1109 2239 1192 2268 acta
1221 2234 1314 2275 sint,
1351 2239 1415 2268 aut
1443 2235 1564 2267 minus
1592 2233 1661 2266 ina
1687 2231 1853 2266 oratorie

492 2296 664 2328 dicentur
700 2300 755 2336 et,
792 2295 821 2328 si
855 2296 901 2328 ad
936 2294 1117 2328 eiusmodi
1153 2296 1327 2339 regulam
1362 2295 1582 2339 exigantur,
1616 2294 1737 2327 salso:
1774 2302 1850 2330 vos,

491 2355 626 2397 equites
648 2355 769 2392 Rom,
797 2365 984 2396 omnesque
1013 2355 1096 2386 1)οηί
1122 2366 1185 2387 vos
1210 2356 1269 2387 ad
1301 2356 1447 2397 perles
1473 2354 1664 2387 lenonis
1687 2352 1850 2395 proic-

493 2415 652 2447 cistis.
704 2414 758 2445 Ad
785 2413 852 2445 has
878 2413 1124 2446 difficultates
1151 2414 1334 2446 tollendas
1369 2417 1552 2457 spectasse
1587 2412 1718 2456 opinor
1744 2412 1852 2445 illam

494 2473 580 2507 Itali
614 2472 771 2506 alicuius
800 2478 924 2505 notum
954 2473 1226 2516 nnmginalcm,
1265 2484 1306 2505 ex
1341 2483 1412 2516 qua
1450 2472 1486 2505 in
1525 2473 1603 2505 cml.
1632 2472 1743 2505 Bel-n.
1768 2471 1792 2504 2
1817 2475 1853 2506 et

495 2534 580 2567 edit.
620 2533 799 2578 Naugerii
841 2533 1071 2576 i1·reps-·runt
1108 2534 1243 2565 verba:
1280 2543 1385 2575 quum
1412 2533 1566 2565 venissel
1595 2533 1644 2565 ad
1678 2536 1850 2565 certatum.

499 2593 684 2628 Venisscnt
717 2594 762 2625 de
799 2592 984 2636 equitibus
1018 2593 1197 2637 scriptum
1232 2592 1346 2626 fuisse
1373 2599 1474 2636 puto.
1537 2593 1631 2626 Nam
1660 2592 1753 2626 illud
1780 2592 1851 2625 im-

494 2653 740 2700 probabilius,
768 2653 933 2697 aliquem
959 2664 1015 2694 ea,
1042 2664 1120 2696 quae
1145 2658 1362 2697 sequuntur,
1390 2665 1533 2686 coenum
1561 2654 1652 2687 illud
1678 2665 1721 2686 ac
1737 2653 1849 2697 labm,

495 2717 539 2749 (lc
565 2715 698 2748 Pisone
732 2713 980 2753 intellexisse,
1020 2725 1206 2758 quumque
1236 2714 1264 2748 is
1294 2724 1314 2747 n
1337 2713 1516 2747 Cicerone
1541 2713 1641 2747 domi
1666 2725 1704 2747 se
1730 2712 1848 2746 conti-

495 2775 617 2809 nuisse
643 2774 761 2808 dictus
788 2779 902 2814 essct,
942 2774 1157 2815 adnotasse,
1188 2775 1350 2808 alterurn
1378 2773 1473 2809 iliud
1498 2773 1697 2815 accidisse,
1735 2783 1849 2817 quum

499 2840 625 2880 postca
652 2836 699 2868 ad
725 2835 814 2879 (hoc
846 2839 900 2869 cst
928 2835 982 2877 in)
1008 2838 1176 2869 senatum
1204 2835 1371 2870 venisset.
