1981 3390
1439 295 1546 344 355

162 413 370 454 nonnulla
422 419 571 467 aperta
626 409 866 451 licentioris
915 411 1168 453 mutationis
1230 413 1416 467 vestigia
1469 413 1614 464 habet,

164 489 286 531 velut
318 489 399 540 IV,
430 490 506 538 51,
539 488 623 528 114
651 500 830 528 vacasse
861 501 938 543 pro
980 492 1204 538 interisse,
1245 489 1326 539 53,
1360 491 1443 529 119
1469 490 1611 538 aedefi-

166 568 268 607 οαΙὰ
297 579 393 607 cum
425 563 550 605 libris
583 562 841 619 vulgaribus
874 579 953 620 pro
985 564 1279 614 cooedaficala.
1341 565 1408 607 Ac
1439 566 1492 606 de
1521 566 1614 620 ple-

164 644 309 697 risque
348 641 577 695 Zumptius
610 640 738 682 aliter
767 644 991 683 statuisset
1021 644 1114 683 sine
1149 641 1296 693 dubio,
1329 644 1368 682 si
1399 644 1492 698 ipse
1525 642 1615 683 col-

160 716 371 759 lationem
416 718 610 759 codicum
644 718 983 770 parisiensium,
1022 721 1095 775 qui
1127 733 1169 760 n.
1202 720 1313 760 7774
1342 719 1397 760 A.
1430 727 1472 759 et
1500 720 1612 760 7775

154 803 386 845 notantur,
433 793 682 843 habuisset;
722 810 834 837 nunc
866 796 1089 837 collationi
1120 796 1364 836 Hauniensi
1395 797 1610 837 interdum

155 869 323 912 diffisus
362 885 458 912 esse
504 872 695 921 videtur3
750 887 1009 928 quamquam
1050 888 1102 913 ea
1143 886 1256 923 non,
1297 880 1343 911 ut
1382 872 1609 928 Zumptius

155 956 304 1002 putat,
334 949 490 1003 prioris
519 963 576 989 ex
608 948 927 989 Parisiensibus
958 949 1046 988 illis
1079 957 1175 998 est,
1217 949 1292 988 sed
1326 947 1439 988 alius
1473 948 1610 988 simil-

157 1023 251 1065 limi
274 1027 329 1076 1).
385 1024 679 1066 Levissimum
712 1033 778 1065 est
803 1031 868 1065 ex'
895 1024 978 1066 hoc
1008 1038 1192 1081 genere,
1225 1023 1301 1064 sed
1333 1024 1384 1065 ad
1413 1024 1607 1065 codicum

180 1193 221 1236 ⁸)
248 1193 290 1226 In
317 1193 494 1234 eundem,
519 1203 632 1236 quam
657 1193 852 1239 Zumptius
879 1193 1001 1238 (praef.
1026 1206 1063 1238 p.
1089 1193 1218 1228 XVIII
1249 1197 1286 1228 et
1309 1192 1459 1236 XXII),
1487 1192 1608 1239 suspi-

249 1252 394 1287 cionem
420 1253 550 1287 incidit
575 1253 717 1288 amicus
743 1265 859 1295 meus,
893 1254 937 1288 N.
956 1255 1000 1288 Β.
1027 1253 1262 1298 Κῑειτυιιίιιε,
1289 1252 1351 1297 qui
1374 1252 1479 1286 illius
1506 1253 1608 1286 codi-

248 1313 300 1346 cis
336 1314 442 1356 (Par.
469 1314 563 1346 7774
588 1314 636 1354 A)
665 1314 908 1348 collationem
936 1324 959 1347 a
984 1325 1024 1347 se
1050 1314 1190 1347 factam
1228 1324 1375 1346 meeum
1400 1313 1610 1347 communi·

248 1373 359 1407 cavit.
424 1373 590 1407 Orellius
625 1375 784 1407 eundem
822 1385 900 1407 esse
938 1373 1124 1414 codicem,
1160 1378 1238 1406 tam
1270 1378 1414 1406 certum
1449 1372 1609 1417 putavit,

247 1436 290 1465 ut
315 1431 352 1465 in
378 1432 476 1467 libro
502 1433 631 1478 quinto
653 1445 823 1468 seorsum
849 1434 990 1467 edendo
1017 1433 1096 1466 eius
1121 1432 1361 1467 collationem
1389 1445 1473 1467 eum
1498 1435 1607 1467 Hau-

247 1490 368 1525 niensi
392 1493 655 1536 per-misceret,
679 1505 770 1535 nec,
797 1494 863 1527 ubi
888 1495 1073 1527 alterutra
1098 1493 1295 1533 deficeret,
1321 1504 1365 1526 ex
1390 1498 1475 1527 utro.
1499 1493 1608 1537 quid-

246 1562 319 1594 que
345 1557 514 1586 notatum
542 1558 658 1594 esset,
683 1554 891 1595 indicaret,
927 1565 971 1587 ac
997 1565 1045 1587 ne
1069 1552 1122 1586 ibi
1147 1552 1296 1597 quidem
1322 1558 1514 1594 moneret,
1542 1551 1608 1586 ubi

243 1621 397 1654 prorsus
421 1618 689 1658 repugnarent.
749 1614 876 1647 Habet
903 1617 1031 1646 autem
1065 1625 1122 1646 res
1148 1625 1257 1647 suum
1282 1613 1319 1646 in
1346 1613 1490 1657 aliquot
1515 1612 1607 1646 locis

242 1670 452 1706 iudicandis
487 1679 523 1706 et
548 1675 594 1708 ad
621 1674 828 1707 tollendam
854 1673 1112 1707 confusionem
1138 1677 1383 1706 momentum.
1432 1672 1608 1706 Diversus

243 1741 322 1765 esse
366 1732 530 1774 codices,
573 1734 811 1778 quantumvis
854 1732 1023 1778 speciosa
1059 1732 1128 1766 illa
1171 1731 1386 1765 coniectura
1420 1731 1607 1773 videatur,

244 1796 391 1827 constat
429 1803 471 1825 ex
509 1804 576 1835 eo,
612 1795 710 1837 quod
747 1805 819 1827 non
852 1795 977 1827 solum
1004 1792 1215 1836 Krnrupius
1238 1793 1424 1825 nonnulla
1448 1792 1607 1833 notavit,

247 1863 328 1897 quae
357 1852 393 1886 in
428 1853 781 1886 altera‘collatione
815 1865 888 1887 non
922 1858 1028 1894 sunt,
1066 1853 1130 1886 sed
1166 1842 1203 1885 in
1238 1852 1311 1884 bac
1339 1863 1486 1896 quoque
1512 1864 1606 1886 nou-

243 1913 354 1947 nullu
385 1917 492 1953 sunt,
531 1924 610 1956 que
635 1914 731 1957 apud
761 1913 995 1958 Krarupium
1026 1924 1099 1947 non
1135 1915 1242 1952 sunt,
1280 1911 1386 1944 cuius
1419 1922 1604 1945 summam

244 1973 482 2018 diligentiam
508 1972 617 2013 novi3
651 1973 796 2016 aliquot
829 1978 956 2006 autem
990 1973 1083 2007 Iocis
1117 1972 1269 2004 diversae
1294 1976 1428 2004 notatae
1456 1974 1541 2004 sunt
1571 1974 1608 2004 et

243 2031 456 2076 perscriptae
491 2032 656 2066 eiusdem
686 2033 760 2066 loci
793 2033 998 2078 scripturae.
1060 2032 1252 2075 Pleraeque
1287 2030 1437 2074 quidem
1466 2029 1606 2063 discre-

245 2091 380 2136 pantiae
413 2091 515 2125 leves
546 2096 655 2132 sunt,
690 2098 734 2127 ut
765 2093 804 2127 in
842 2093 1031 2127 codicibus
1058 2096 1224 2136 cognatae
1250 2090 1417 2134 originis.
1466 2090 1520 2123 Ne
1547 2088 1607 2122 cui

245 2157 372 2186 autem
408 2152 518 2186 nimis
551 2152 690 2186 mirum
722 2153 917 2194 videatur,
961 2153 1045 2197 plus
1091 2161 1202 2195 quam
1239 2161 1355 2184 unum
1392 2149 1607 2183 huiusmodi

251 2212 417 2246 codicem
451 2212 543 2246 duos
578 2213 676 2246 solos
703 2218 887 2247 extremos
921 2213 1038 2246 libros
1065 2212 1268 2244 habentem
1297 2209 1451 2243 Parisiis
1478 2208 1607 2249 fuisse,

247 2277 334 2306 sunt
372 2273 587 2307 etiamnunc
619 2273 674 2307 ibi
699 2274 771 2308 duo
805 2272 1022 2307 huiusmodi
1058 2271 1243 2305 simillimi
1273 2270 1417 2303 codices
1445 2273 1482 2303 et
1507 2280 1607 2314 paene

244 2333 426 2377 gemelli,
463 2337 505 2367 ut
539 2344 581 2366 ex
609 2333 654 2367 iis
682 2338 812 2378 patet,
852 2344 930 2377 quae
956 2332 1150 2376 Zumptius
1176 2331 1222 2365 nd
1248 2331 1334 2364 libr.
1362 2330 1413 2364 1v
1441 2341 1472 2362 c.
1503 2329 1548 2363 30
1572 2332 1609 2362 et

244 2391 290 2425 31
317 2397 354 2426 et
381 2393 427 2426 nd
453 2393 539 2427 libr.
573 2394 606 2426 V
632 2405 662 2427 c.
688 2393 734 2427 33
757 2397 794 2427 et
817 2392 863 2426 34
897 2392 1112 2433 adnotavit,
1145 2391 1210 2424 ubi
1244 2396 1369 2425 tamen
1406 2389 1476 2423 hos
1501 2388 1605 2422 codd.

246 2453 358 2496 (777⁴
385 2453 416 2487 A
441 2458 477 2487 et
499 2453 612 2497 7775)
649 2465 784 2498 parum
822 2452 1010 2493 distinxit,
1047 2457 1089 2486 ut
1124 2455 1210 2485 uter
1236 2451 1349 2484 litero.
1381 2450 1434 2491 E,
1468 2453 1552 2483 uter
1577 2447 1608 2480 F

243 2517 418 2554 notetur,
443 2513 627 2558 ignorem.
683 2515 758 2548 Nec
785 2514 923 2548 mirum
948 2513 1017 2546 hos
1047 2515 1181 2556 praeter
1206 2514 1349 2545 ceteros
1375 2509 1485 2543 etiam
1510 2508 1605 2541 eius-

243 2572 327 2606 dem
353 2573 506 2606 familiae
532 2574 765 2616 consentire,
792 2586 835 2608 ex
855 2585 929 2607 uno
952 2572 1116 2616 proximo
1140 2570 1350 2612 derivatos,
1385 2581 1457 2603 non
1484 2569 1606 2602 solum

246 2642 289 2664 ex
315 2633 505 2667 communi
537 2635 641 2668 fonte
671 2633 884 2669 distantior-i
909 2644 977 2667 nee
1003 2643 1070 2676 per
1093 2631 1375 2665 successionem.
1424 2627 1607 2661 mirificus

244 2702 443 2725 consensus
468 2693 554 2727 Par.
581 2695 684 2729 illius
715 2700 752 2730 et
778 2696 905 2728 Haun.
933 2691 1179 2738 perspicitur,
1214 2695 1255 2724 ut
1289 2701 1330 2722 ex
1355 2687 1508 2722 infinitis
1533 2687 1606 2719 duo

247 2752 419 2796 exempla
444 2764 604 2796 ΡΟΜΝ,
633 2766 676 2788 ex
703 2756 746 2797 V,
773 2754 839 2795 48,
866 2753 947 2795 127,
974 2753 1040 2787 ubi
1066 2757 1222 2796 uterque
1248 2761 1269 2784 a
1293 2746 1448 2790 reliquis
1472 2745 1606 2778 melio-

246 2813 351 2847 ribus
380 2813 571 2847 discedens
595 2815 771 2850 mendoso
795 2813 912 2849 habet
936 2804 1039 2857 oute,
1067 2816 1102 2846 et
1129 2823 1171 2844 ex
1197 2812 1240 2851 V,
1274 2809 1342 2847 50,
1371 2805 1450 2846 133,
1477 2804 1541 2838 Ubi
1567 2805 1607 2837 ¹²5

247 2872 338 2908 soli:
372 2873 458 2908 licet
482 2873 535 2907 hii
555 2875 660 2917 quod.
709 2876 855 2919 (Haun.
873 2873 1114 2909 collationem
1138 2881 1220 2904 cum
1242 2866 1368 2902 Guelf.
1385 2864 1604 2905 consentire,

1275 2938 1340 2973 23.
