1981 3390
1446 273 1544 321 359

282 399 331 439 G.
364 399 442 448 16,
483 397 540 437 86
570 397 802 447 Zumptius
832 393 988 433 edidit:
1039 392 1189 433 Verum
1223 404 1357 444 negas
1389 399 1432 431 te
1467 393 1613 434 storum

161 489 369 517 ‹cunm-um
406 473 578 528 aliquid
619 471 885 520 coufecae‘sse,
938 477 1111 511 secutus
1168 467 1216 509 C.
1260 467 1527 523 Stephanum
1572 479 1615 509 et

162 553 332 594 codi‘ces
362 547 755 602 Goeller-hymnos,
802 562 885 602 qno
923 556 1118 603 spectare
1149 547 1288 588 videri
1314 547 1452 597 possit
1484 547 1613 586 etiam

160 628 259 671 coll.
289 627 436 668 Haun.
469 634 512 666 et
542 625 686 666 Paris.
710 627 922 680 scriptura
963 625 1134 678 ale'que’t.
1191 623 1356 664 Verum
1387 622 1469 663 hoc
1496 636 1614 663 men-

157 706 258 746 dum
288 703 410 745 illam
445 705 756 744 correctionem
788 705 967 758 peperit.
1038 701 1176 743 Miror
1205 702 1319 741 enim
1361 700 1612 756 Zumptium

155 796 241 824 non
273 781 536 830 attendisse,
580 795 755 835 prorsus
788 782 832 820 in
862 780 940 821 illa
973 781 1189 820 sententia
1222 778 1453 833 quidquam
1478 777 1609 819 scribi

157 859 316 900 debere
347 872 486 912 neque
513 858 581 898 hic
607 857 741 898 ullam
765 871 860 898 esse
885 859 1191 912 exceptionem
1208 857 1609 896 excusationemve.

160 935 323 978 Contra
354 934 603 983 numerale,
650 934 762 988 quod
797 933 1023 986 Zumptius
1056 935 1136 973 vix
1169 933 1273 973 ferri
1308 945 1435 986 posse
1474 939 1612 984 putat,

156 1015 428 1069 aptissimum
463 1020 559 1060 est;
591 1025 689 1050 nam
722 1008 868 1049 horum
903 1010 1072 1063 aliquot
1099 1017 1188 1060 est,
1216 1008 1330 1063 quod
1360 1022 1429 1048 res
1461 1016 1610 1063 postu-

155 1091 217 1132 lat
246 1090 345 1144 (cfr.
383 1088 430 1138 1‘,
472 1089 574 1138 23),
615 1088 782 1140 alc'quot
811 1090 1132 1140 proximorum,
1164 1090 1206 1128 εἰ
1234 1085 1286 1127 ab
1316 1085 1395 1126 hoc
1424 1091 1611 1139 [empore

156 1165 482 1221 (regrediendo)
517 1178 810 1213 numeramus,
844 1178 928 1218 quo
962 1178 1116 1215 sensu,
1150 1173 1197 1208 ut
1229 1165 1399 1203 initium
1435 1177 1608 1218 compu-

154 1244 274 1285 tandi
306 1241 605 1298 significetur,
645 1243 884 1297 szrpissime
925 1243 1184 1296 pronomina
1224 1250 1267 1282 et
1295 1240 1363 1281 illi
1393 1239 1608 1281 vocabulo

154 1329 195 1361 et
230 1320 329 1361 aliis
363 1319 660 1360 numeralibus
700 1329 742 1360 et
783 1318 967 1360 infinitis
1000 1328 1043 1361 et
1076 1317 1266 1359 definitis
1302 1318 1403 1360 addi
1435 1320 1608 1358 notissi-

157 1412 272 1438 mum
307 1406 398 1447 est,
431 1411 510 1438 nec
542 1398 582 1438 id
615 1398 669 1438 ad
702 1397 941 1438 ablativum
973 1406 1046 1438 aut
1071 1398 1182 1437 ratio
1203 1405 1276 1437 aut
1303 1410 1407 1443 usus
1427 1395 1610 1435 adstrin-

157 1477 248 1530 git,
281 1483 327 1514 ut
358 1476 504 1514 statim
538 1474 889 1530 vulgatissimum
920 1484 984 1515 est
1012 1480 1114 1514 (nete
1143 1473 1218 1514 Itos
1248 1479 1311 1514 tot
1339 1474 1412 1514 vel
1440 1478 1505 1513 tot
1535 1486 1612 1513 cm-

158 1565 249 1594 uos.
315 1551 498 1601 (Eodem
534 1554 673 1607 capite
717 1551 848 1606 paulo
882 1561 979 1607 post
1011 1553 1121 1593 mira
1153 1551 1320 1606 ellipsis
1352 1551 1614 1604 (perscripta

152 1628 275 1682 sunl)
309 1627 526 1669 inducitur
565 1644 591 1670 a
631 1629 863 1684 Zumptio‚
904 1630 1164 1683 sententiam
1207 1638 1432 1675 evertens3
1471 1641 1610 1681 neque

154 1707 345 1747 enimin
386 1705 572 1758 tabulis,
622 1721 728 1762 quas
773 1715 872 1747 ante
913 1708 1148 1761 provinciae
1191 1706 1610 1746 administrationem

153 1783 412 1824 confecisset
430 1783 609 1833 Verres,
644 1783 799 1824 Cicero
830 1799 882 1824 ea
911 1798 1043 1839 opera
1069 1785 1307 1839 perscripta
1340 1796 1436 1823 esse
1466 1782 1610 1821 dicere

153 1869 352 1917 poterat,
391 1875 483 1916 quae
528 1862 569 1900 in
600 1861 827 1915 provincia
863 1862 956 1915 ipse
987 1869 1135 1916 erepta
1166 1860 1391 1915 arguebat.
1460 1856 1609 1899 Conti-

156 1939 330 1979 uuanda
370 1939 509 1978 oratio
548 1946 614 1978 est
655 1937 736 1978 hoc
775 1938 925 1978 modo:
968 1936 1042 1988 δι’,
1083 1951 1189 1993 quus
1222 1937 1393 1978 tabulas
1414 1934 1626 1990 profers„

149 2020 196 2057 in
238 2015 331 2065 Ιιιέ,
374 2029 466 2071 quae
503 2014 656 2065 habes,
698 2015 905 2069 quomodo
946 2013 1128 2065 habeas,
1173 2018 1377 2068 scriplum
1411 2026 1495 2053 nou
1529 2017 1606 2061 est,

153 2091 300 2134 laurum
332 2115 388 2123 —
417 2091 616 2146 profers,
652 2105 794 2132 noune
823 2115 878 2124 -
909 2105 1081 2132 necesse
1114 2098 1175 2132 est
1188 2094 1229 2144 β),

270 2169 399 2219 Quod
432 2184 466 2210 c.
503 2171 584 2220 24,
628 2170 683 2210 53
721 2169 853 2225 vulgo
884 2169 1066 2225 legitur:
1097 2173 1225 2209 etium
1260 2168 1434 2223 aliqu-id
1463 2181 1490 2207 a
1514 2172 1609 2221 pri-

149 2252 249 2288 vato
297 2259 610 2302 nonnumquam
658 2248 825 2287 occulte
879 2246 1162 2297 auferebant,
1215 2234 1467 2287 mendosum
1513 2260 1608 2286 esse

147 2324 268 2374 dixi,
313 2325 427 2379 quod
462 2324 551 2365 haec
587 2326 803 2364 sententia
833 2324 884 2365 ad
926 2326 1087 2365 crimen
1123 2322 1400 2364 minuendum
1442 2336 1608 2363 accom-

146 2401 321 2442 modata
363 2416 448 2442 non
494 2409 634 2451 esset,
679 2401 792 2456 quod
835 2410 876 2441 et
909 2410 1024 2442 totus
1058 2400 1179 2441 locus
1211 2409 1252 2441 et
1282 2406 1451 2449 tamen,
1495 2400 1609 2455 quod

148 2479 368 2534 seqnitur,
399 2478 668 2534 postularet3
717 2493 844 2529 nam,
890 2488 936 2519 ut
969 2493 1082 2519 nunc
1113 2479 1313 2534 ponitur,
1346 2492 1430 2518 non
1459 2479 1608 2532 praeci-

144 2570 278 2611 puuni
319 2565 410 2606 est,
454 2557 567 2611 quod
609 2557 775 2596 occulle
816 2555 1100 2605 abstulerint,
1145 2556 1218 2596 sed
1259 2555 1372 2611 quod
1420 2556 1549 2594 etiam
1583 2568 1608 2593 a

144 2633 316 2686 privato
347 2631 537 2688 aliquid,
572 2648 659 2674 non
691 2633 857 2685 solum,
893 2635 1005 2690 quod
1038 2635 1142 2674 ferri
1173 2633 1344 2674 facilius
1379 2630 1518 2680 solet,
1550 2630 1602 2670 de

145 2707 320 2761 publico
364 2723 440 2762 per
481 2711 795 2766 magistratum.
873 2711 1024 2767 Itaque
1056 2713 1230 2761 nescio,
1272 2723 1346 2750 cur
1378 2706 1605 2762 Zumptius

148 2779 409 2841 optimorum
443 2786 637 2828 codic'um
673 2788 864 2841 (Lamb.,
898 2789 998 2830 coll.
1019 2789 1179 2840 Hanni„
1216 2788 1310 2829 Par.
1338 2783 1432 2833 Κι·.,
1467 2783 1606 2834 Lei‹l.,

149 2862 359 2915 Guelffi),
393 2865 519 2904 unius
557 2865 686 2906 etiam
723 2866 1010 2917 deteriorum,
1047 2869 1258 2921 scriptura
1291 2878 1335 2904 se
1369 2862 1428 2901 uti
1462 2870 1606 2916 neget,
