1981 3390
446 266 542 314 164

385 385 512 425 dente
555 385 760 436 temporis
802 384 1043 432 mentione,
1101 382 1153 422 ad
1194 384 1305 438 quod
1342 383 1650 426 occurrendum
1694 394 1820 425 esset.

380 460 490 502 Nam
528 460 750 510 ofellius,
800 474 930 513 quum
971 457 1140 499 infinite
1181 460 1266 501 dici
1304 462 1364 502 ad
1391 467 1554 515 tempus
1579 446 1820 502 'ostendere

383 537 534 587 vellet,
560 539 653 591 ipse
688 551 739 576 ea
764 535 975 585 addendo,
1005 549 1097 590 quae
1126 537 1237 589 apud
1270 536 1524 578 Ciceronem
1551 551 1635 578 non
1664 536 1820 591 legun-

377 622 468 663 tur,
513 613 684 660 effecit,
727 618 776 650 ut
815 610 1018 661 haberet,
1062 626 1145 666 quo
1185 613 1432 654 referretur.
1510 613 1630 654 Idem
1675 621 1820 653 tamen

377 698 493 730 recte
546 687 795 736 intellexit,
839 687 974 727 mula-o
1025 690 1165 729 minus
1211 698 1407 730 constare
1451 690 1535 731 sibi
1579 691 1819 730 orationem

377 764 599 805 Ciceronis
633 765 677 803 in
709 778 760 803 ea
785 763 912 804 huius
945 766 1171 804 sententiae
1204 767 1430 818 scriptura,
1463 780 1556 819 quae
1583 765 1685 806 olim
1713 773 1818 814 erat,

377 854 650 881 occursurum
681 846 894 893 pnlarem.
974 840 1123 890 Patet,
1166 854 1250 880 non
1293 839 1515 881 Kalendas
1549 840 1742 881 Sextiles
1774 843 1819 881 in

373 917 548 957 illorum
600 917 822 956 hominum
875 930 1074 956 sermone
1124 925 1478 958 commemoratas
1528 917 1689 968 fuisse,
1742 917 1820 957 sed

373 994 504 1034 talem
535 994 675 1043 diem,
720 993 774 1033 ad
815 1007 941 1047 quem
973 992 1125 1033 Cicero
1158 993 1305 1034 Romae
1335 1008 1431 1034 esse
1461 1002 1622 1048 posset.
1684 992 1818 1047 quue

379 1073 442 1111 ita
473 1070 523 1110 fit
555 1078 778 1122 apertum,
811 1077 858 1108 ut
887 1069 994 1109 nihil
1025 1069 1306 1110 dubitationis
1336 1069 1620 1125 relinquatur,
1651 1083 1708 1110 ex
1740 1069 1819 1110 illa

373 1148 426 1188 ad
458 1147 653 1188 Atticum
695 1145 903 1200 epistola,
945 1148 1102 1201 scripta
1142 1161 1271 1201 quum
1307 1148 1352 1187 in
1394 1147 1535 1187 reditu
1576 1149 1662 1188 iam
1703 1154 1820 1187 esset

372 1223 506 1278 (XIV
534 1222 637 1264 Kal.
670 1222 822 1277 Sept.).
884 1221 952 1262 Ibi
982 1224 1097 1262 enim
1121 1224 1302 1264 eandem
1327 1237 1417 1264 rem
1440 1238 1636 1274 narrans,
1667 1223 1818 1264 ”Affe-

368 1299 564 1350 rebant'’,
617 1301 782 1353 inquit,
840 1299 957 1339 ”fore
1008 1299 1279 1353 frequentem
1330 1307 1527 1340 senatum
1567 1298 1818 1339 Kalendis.”

371 1374 472 1417 Non
501 1375 646 1415 addito
679 1376 841 1415 mensis
873 1376 1061 1425 nomine,
1091 1376 1197 1415 satis
1226 1383 1358 1430 patet,
1387 1374 1625 1430 significari
1655 1374 1819 1415 Kalen·

369 1453 446 1493 das
479 1453 715 1502 instantes,
744 1451 788 1491 id
820 1459 900 1502 est,
933 1449 1217 1505 Septembres,
1249 1460 1296 1492 ut
1326 1450 1542 1493 Corradus
1574 1450 1819 1499 intellexit;

368 1536 410 1569 et
439 1529 521 1568 fuit
561 1527 640 1568 illo
683 1528 752 1567 die
797 1535 972 1567 senatus
1014 1528 1246 1582 frequens,
1285 1530 1328 1568 in
1372 1543 1455 1582 quo
1498 1528 1715 1569 Antonius
1760 1541 1812 1567 ea

368 1605 501 1654 dixit,
537 1602 693 1658 quibus
721 1603 801 1643 hac
829 1605 1024 1643 oratione
1056 1603 1208 1644 Cicero
1240 1604 1484 1659 respondet.
1545 1602 1638 1645 Nec
1671 1612 1813 1644 tamen

369 1680 577 1721 hocloco
607 1681 902 1734 reponendum
936 1687 1028 1720 erat
1069 1678 1412 1733 Septembribus,
1459 1680 1535 1721 sed
1575 1679 1813 1721 tollendum

367 1759 529 1798 mensis
559 1770 741 1807 nomen,
787 1757 1068 1811 quod'quum
1102 1756 1255 1797 Cicero
1298 1758 1342 1797 in
1383 1771 1430 1797 re
1469 1758 1696 1811 perspicua
1727 1771 1812 1797 non

367 1836 507 1890 magis
551 1834 620 1875 hic
659 1835 900 1886 posuisset,
942 1848 1069 1888 quam
1107 1835 1151 1873 in
1188 1833 1267 1873 illa
1307 1832 1513 1886 epistola,
1563 1833 1813 1874 adnotatum

367 1910 508 1960 falso,
551 1919 598 1950 ut
630 1912 786 1965 saepius
816 1912 859 1950 in
900 1910 1095 1965 epistolis
1127 1909 1349 1950 Ciceronis
1368 1912 1435 1960 ¹),
1474 1907 1528 1950 ab
1558 1908 1702 1964 aliquo
1734 1918 1814 1959 est,

369 1989 436 2028 cui
465 1987 636 2027 errandi
664 2001 793 2027 causa
819 1988 900 2027 fuit
917 1986 1212 2027 Kalendarum
1229 1985 1467 2027 Sextilium
1495 1988 1655 2027 mentio
1680 1986 1810 2040 paulo

367 2072 408 2104 et
441 2078 572 2116 supra
607 2072 650 2103 et
679 2064 793 2104 infra
821 2065 880 2113 (4,
914 2066 986 2112 10)
1020 2064 1148 2111 facta.

484 2139 533 2180 In
566 2139 815 2192 Philippicae
847 2140 1045 2180 secundae
1075 2154 1109 2180 c.
1139 2142 1217 2191 11,
1248 2143 1327 2190 26,
1357 2139 1433 2180 ubi
1459 2139 1612 2181 Cicero
1643 2153 1716 2180 eos
1743 2153 1810 2181 re-

363 2218 504 2266 futat,
553 2219 625 2270 qui
655 2216 870 2256 Caesarem
904 2218 996 2256 eius
1029 2217 1210 2257 consilio
1244 2218 1520 2258 interfectum
1552 2215 1810 2272 arguebant,

366 2291 594 2332 edebatur:
627 2291 801 2331 Etenim
832 2296 873 2330 si
900 2299 1098 2333 auctores
1132 2293 1191 2333 ad
1221 2293 1489 2334 liberandam
1510 2297 1704 2346 patriam
1735 2292 1808 2332 de·

365 2369 661 2409 siderarenlur
691 2368 780 2406 illis
811 2366 1071 2416 auctoribus,
1111 2368 1266 2408 Brutos
1293 2382 1370 2421 ego
1403 2369 1677 2421 impellerem,
1704 2381 1806 2422 quo-

390 2544 426 2585 1)
455 2542 637 2584 Exempla
662 2550 796 2584 ponam
822 2539 1008 2581 lsi-evitem
1048 2550 1134 2573 nam
1169 2540 1372 2584 explicatio
1405 2539 1559 2574 rationis
1595 2543 1808 2585 temporum

455 2602 597 2635 abhoc
631 2602 713 2634 loco
740 2600 863 2634 aliena
902 2607 967 2635 est.
1025 2600 1233 2633 Delendum
1265 2606 1320 2634 cst
1351 2601 1468 2646 igitur
1503 2602 1571 2645 Ep.
1611 2601 1656 2634 ad
1694 2601 1806 2636 Attio.

454 2662 556 2702 Xln,
588 2660 633 2694 12
667 2660 785 2700 Quint.
821 2659 913 2701 (vid.
949 2659 1144 2702 Subula),
1183 2661 1283 2701 XIII,
1317 2660 1362 2693 21
1395 2661 1492 2693 Sext.
1527 2660 1744 2703 (Schutzius
1767 2660 1805 2695 In

456 2721 554 2764 Sept.
580 2719 779 2763 mutavit),
805 2719 905 2760 XIII,
927 2718 972 2754 33
998 2719 1085 2752 Mai.
1114 2719 1205 2762 (vid.
1229 2720 1420 2764 Manut.);
1461 2721 1499 2754 in
1529 2720 1638 2761 xm,
1662 2719 1708 2753 34
1729 2719 1804 2754 iam

453 2781 644 2814 sublatum
671 2783 725 2814 est
749 2779 947 2819 mondum3
985 2780 1077 2812 addc
1105 2781 1148 2813 zul
1185 2780 1295 2814 Attio.
1325 2782 1404 2822 XV,
1430 2780 1452 2815 8
1481 2780 1573 2824 (vid.
1600 2780 1742 2824 Popma
1768 2784 1805 2816 et

453 2841 626 2884 Schutz.)
651 2844 719 2876 etc.
783 2840 857 2873 cfr.
885 2839 999 2874 Orcll.
1032 2839 1104 2874 Cic.
1135 2840 1228 2885 ΟΜ).
1256 2841 1308 2875 111
1335 2853 1369 2885 p.
1397 2840 1416 2874 1
1439 2852 1474 2886 p.
1501 2839 1579 2875 431.
