1981 3390
447 194 507 243 12

373 316 527 366 tuerit,
572 316 653 357 vix
683 315 921 372 intelligas,
990 317 1042 358 ln
1071 315 1224 359 libello
1256 316 1590 374 orthographico
1624 317 1820 359 undecim

370 395 628 449 paginarum
671 395 902 449 scriptores
941 395 1127 436 citantur
1168 395 1261 436 fere
1304 403 1474 437 centum
1505 402 1548 435 et
1582 394 1823 445 duodecim,

370 472 639 527 citanturque
669 485 755 511 non
787 469 1003 512 scribendi
1034 472 1214 513 rationis
1245 479 1405 522 testes,
1454 472 1530 513 sed
1562 487 1705 512 rerum
1734 486 1822 526 my-

369 548 685 604 thologicarum
721 555 763 587 et
795 547 1024 597 similium3
1050 557 1342 604 congeruntur
1375 551 1420 590 in
1447 564 1581 590 unum
1611 549 1752 590 Graeci
1779 558 1822 590 et

368 624 540 674 Latini3
571 627 717 665 insunt
744 627 1001 679 scriptorum
1033 627 1209 665 nomina
1241 634 1368 666 antea
1400 640 1620 683 nunquam
1654 627 1818 678 audita,

365 702 549 743 Homeri
577 703 782 752 minoris,
827 701 1022 743 Cornelii
1054 699 1181 751 Rufi,
1228 700 1284 740 T.
1310 702 1526 758 *ven-acis,
1570 703 1820 758 Methymii,

364 778 612 834 Herophili,
644 778 833 834 l'oligni,
867 778 1067 828 Hei-odii,
1103 776 1402 827 Carmenidis3
1444 779 1521 819 alii
1550 783 1726 821 nomina
1753 790 1820 822 ta-

364 870 465 897 men
498 855 660 896 habeut
689 856 836 897 audita
869 866 997 897 antea
1027 857 1140 896 inter
1179 856 1438 909 scriptores,
1502 866 1704 899 caeterum
1744 859 1817 913 qui

364 935 466 985 sint,
499 948 584 974 non
618 935 756 989 magis
790 933 1066 989 intelligitur,
1108 931 1388 988 Polycarpus,
1426 932 1669 986 Maximus,
1698 934 1817 976 Mar·

363 1012 539 1062 cianus,
579 1011 717 1054 Linus
749 1011 1056 1066 Aristophanis
1089 1012 1328 1064 interpres,
1368 1010 1644 1063 Heraclitus,
1689 1013 1815 1054 Sera-

360 1091 466 1144 pion
495 1089 712 1138 Rhodius3
758 1089 859 1140 alii,
893 1103 1074 1145 quorum
1106 1089 1316 1129 memoria
1349 1089 1534 1145 singulis
1571 1092 1813 1132 vetustissi-

362 1170 531 1209 morum
567 1168 824 1222 scriptorum
865 1166 973 1208 locis
1020 1164 1345 1217 continebatur,
1408 1181 1588 1222 operum
1638 1169 1815 1209 nomina

361 1257 448 1286 non
481 1244 729 1295 exstabant,
762 1259 868 1300 quos
902 1257 1029 1284 nemo
1058 1257 1082 1282 a
1105 1242 1397 1294 Quintiliano,
1429 1245 1587 1284 nedum
1617 1258 1643 1285 a
1669 1259 1814 1298 gram-

360 1323 530 1362 maticis
559 1321 875 1362 recentioribus
909 1321 1046 1362 lectos
1076 1318 1282 1374 putabat,
1330 1320 1400 1362 hic
1433 1330 1637 1376 tanquam
1681 1321 1812 1363 choro

358 1399 473 1440 facto
496 1413 623 1440 aures
649 1398 860 1440 librorum
886 1399 1024 1440 titulis
1051 1399 1367 1438 circumsonant
1382 1413 1395 1448 3
1418 1407 1616 1439 notorum
1632 1401 1813 1454 scripto-

357 1491 453 1517 rum
478 1490 593 1518 nova
626 1491 758 1531 opera
779 1478 993 1526 citantur,
1026 1483 1073 1515 ut
1101 1474 1316 1516 Varronis
1340 1474 1516 1517 Atacini
1539 1475 1704 1517 bellum
1726 1477 1811 1518 Pu·

358 1554 518 1604 nicum,
548 1554 733 1595 Luciani
763 1553 1050 1609 philosophus
1081 1552 1312 1603 barbatus3
1347 1568 1372 1593 a
1403 1553 1562 1595 Latino
1592 1569 1808 1608 gramma-

357 1633 442 1673 tico
474 1630 722 1673 Graecorum
754 1640 1003 1688 poetarum,
1036 1630 1345 1685 Aristophanis
1377 1639 1419 1672 et
1450 1631 1653 1682 Pindari,
1680 1632 1811 1673 'scho-

356 1709 523 1761 liastae,
563 1712 684 1750 cuius
714 1711 777 1750 rei
809 1709 976 1763 nullum
1007 1717 1139 1750 antea
1171 1707 1377 1749 exstabat
1411 1709 1689 1764 exemplum,
1734 1725 1808 1767 ap-

355 1789 574 1846 pellantur
592 1789 648 1840 1).
704 1786 924 1829 Novitatis
959 1787 1131 1843 quidem
1165 1786 1247 1828 hoc
1282 1788 1413 1838 satis,
1454 1795 1524 1837 ut,
1573 1789 1645 1841 qui
1678 1789 1721 1827 in
1755 1788 1808 1828 li·-

356 1866 447 1909 bris
477 1865 701 1908 Ciceronis
728 1867 779 1907 de
813 1865 1037 1921 republica
1065 1874 1108 1906 et
1141 1864 1240 1906 aliis
1272 1865 1460 1905 inventis
1488 1878 1642 1918 parum
1674 1864 1810 1906 multa

354 1959 469 1986 nova
500 1958 595 1985 esse
628 1945 768 1999 questi
795 1952 909 1993 sunt,
942 1943 1055 1984 hunc
1083 1943 1252 1998 possint
1282 1940 1442 1982 habere
1473 1956 1684 1983 novorum
1714 1943 1810 1984 fou-

354 2031 441 2065 tem
473 2022 793 2078 largissinmm3
848 2034 988 2076 neque
1021 2021 1216 2075 dispersa
1248 2019 1339 2061 haec
1367 2028 1490 2071 sunt,
1539 2020 1615 2060 sed
1645 2021 1689 2060 in
1719 2035 1806 2062 una

353 2115 468 2156 sche
498 2114 545 2141 re
572 2099 698 2155 plura
728 2114 855 2155 quam
885 2100 929 2139 in
963 2099 1147 2139 aliorum
1177 2099 1433 2153 scriptorum
1465 2099 1647 2153 integris
1680 2097 1805 2139 libris

352 2194 467 2220 nova
496 2186 570 2219 aut
600 2192 720 2232 paene
751 2191 866 2217 nova
898 2177 1088 2226 nomina,
1115 2183 1161 2217 ut
1194 2176 1237 2215 in
1268 2174 1373 2216 Anii
1405 2176 1586 2216 historia
1601 2178 1644 2225 2)
1674 2176 1802 2231 Poly-

352 2258 484 2312 carpi,
515 2255 691 2306 Alcimi,
721 2254 927 2306 Maximi,
957 2252 1146 2303 Proculi,
1186 2252 1385 2304 Gracchi,
1417 2254 1618 2305 Fontani,
1646 2253 1800 2295 Melis-

352 2337 415 2386 si3
480 2334 696 2376 interdum
728 2333 898 2388 quidem
930 2332 1095 2373 accedit
1135 2332 1265 2371 etiam
1306 2333 1349 2371 in
1383 2334 1447 2372 rei
1493 2339 1534 2372 et
1577 2333 1800 2387 scriptoris

348 2413 650 2456 coniunctione
681 2412 877 2460 novitas,
936 2409 1057 2453 velut
1088 2425 1217 2464 quum
1250 2409 1477 2453 Lucretius
1498 2410 1540 2460 3)
1577 2411 1623 2452 in
1659 2412 1800 2466 primo

347 2492 460 2534 libro
490 2492 542 2532 de
572 2489 772 2531 Busiride
797 2489 1021 2544 scripsisse
1051 2488 1228 2538 dicitur,
1286 2488 1330 2529 in
1370 2502 1455 2544 quo
1496 2487 1604 2528 nihil
1650 2487 1798 2530 huius·

376 2627 414 2671 1)
439 2625 602 2672 Faginus
631 2625 666 2658 in
693 2624 750 2659 his
780 2625 937 2671 singulis
972 2624 1126 2661 laudare
1152 2623 1274 2666 nolui,
1320 2634 1398 2668 quac
1427 2622 1464 2657 in
1498 2620 1620 2656 indice
1654 2623 1794 2657 Osanni

440 2686 597 2732 reperiri
627 2691 788 2733 possunt.

374 2752 411 2785 ⁷¹)
441 2761 473 2793 Ρ.
498 2749 532 2783 4.

380 2814 413 2851 ¹³)
444 2824 474 2854 ι’·
496 2810 528 2844 5.

1969 3373 1977 3390 ·
1972 3337 1977 3343 v
1964 2887 1981 3324 1-102-›mvv
