1981 3390
389 209 487 257 230

325 327 481 382 quibus
522 328 598 368 alii
637 327 718 368 sub
751 342 909 370 corona
951 330 1312 370 venumdarentur
1335 332 1394 380 ¹),
1437 330 1624 370 adscitos
1653 343 1763 381 esse,

324 419 475 445 verum
508 412 704 446 veterum
736 407 958 447 civitatum
996 415 1158 447 naturae
1198 405 1326 458 plane
1369 415 1595 462 repugnat.
1664 405 1765 447 Non

327 483 442 523 enim
472 481 515 521 id
544 482 822 536 spectandum
848 492 937 533 est,
972 497 1115 536 parvae
1145 485 1269 523 initio
1302 485 1366 524 rei
1398 483 1582 536 publicae
1613 484 1764 524 civita-

326 566 412 598 tem
457 557 624 597 nullum
669 558 890 613 singulare
935 560 1203 600 commodum
1245 559 1478 612 habuisse,
1515 561 1627 616 quod
1666 560 1766 601 aliis

328 634 522 675 exclusis
549 635 810 675 servandum
843 643 957 675 esset
986 637 1103 684 (nam
1147 645 1283 676 totum
1324 637 1405 678 hoc
1442 638 1494 677 de
1534 638 1769 679 commodis

328 712 516 751 civitatis
555 711 743 765 pertinet
784 712 834 751 ad
875 711 963 752 alia
1006 715 1244 766 tempora),
1285 714 1362 753 sed
1397 714 1768 764 considerandum,

327 795 461 827 totam
490 801 580 827 rem
609 786 828 842 publicam
850 797 1047 829 accurate
1069 789 1326 841 descriptam
1350 791 1516 840 (curiis,
1548 790 1768 845 gentibus)

328 865 687 918 terminatamque
727 866 849 918 quasi
886 866 1098 920 quandam
1135 867 1457 920 possessionem
1499 880 1769 908 communem

330 942 489 981 civium
523 948 740 981 servatam
767 944 986 996 respuisse
1019 957 1189 982 omnem
1219 944 1602 997 peregrinitatem,
1634 945 1772 984 omni-

329 1032 469 1072 noque
513 1018 726 1058 eiusmodi
767 1019 989 1070 civitates,
1041 1018 1192 1074 quales
1239 1017 1403 1059 Italicae
1452 1019 1539 1060 illae
1580 1020 1768 1070 fuerunt,

331 1108 462 1148 quum
494 1095 679 1149 primum
717 1109 763 1135 se
794 1110 818 1136 a
850 1097 1004 1136 ceteris
1035 1097 1333 1145 seiunxerint,
1385 1097 1588 1150 quamdiu
1622 1096 1768 1138 adole-

329 1179 472 1222 scant,
522 1171 720 1212 omnibus
774 1174 904 1213 etiam
959 1181 1059 1213 tunc
1104 1171 1272 1213 civibus
1316 1187 1418 1213 vere
1470 1175 1535 1213 rei
1585 1173 1768 1227 publicae

330 1248 678 1289 administrandae
710 1248 1015 1304 participibus,
1064 1250 1251 1289 acriores
1284 1262 1379 1288 esse
1411 1262 1498 1289 suae
1533 1251 1771 1304 proprieta-

330 1326 384 1364 tis
418 1325 631 1365 custodes.
694 1324 860 1366 Verum
890 1333 1058 1376 tamen,
1105 1340 1235 1380 quum
1269 1327 1328 1366 ita
1359 1334 1504 1366 essent
1535 1325 1603 1366 illi
1634 1325 1772 1367 homi·

331 1415 407 1441 nes
437 1400 630 1452 subacti,
673 1410 721 1442 ut
753 1417 902 1443 eorum
935 1417 1005 1444 res
1041 1402 1218 1458 publica
1258 1411 1300 1442 et
1335 1404 1488 1443 civitas
1532 1402 1772 1455 tolleretur,

331 1479 421 1517 suis
453 1479 663 1518 institutis
699 1488 742 1519 et
777 1481 871 1520 iure
905 1481 1065 1534 privati
1104 1479 1310 1520 Romanis
1345 1479 1517 1540 legibus
1551 1482 1615 1520 uti
1645 1495 1773 1536 coge-

331 1552 488 1594 bantur
523 1569 601 1596 nec
631 1554 760 1596 aliam
792 1555 1011 1597 habebant
1041 1558 1261 1597 civitatem
1292 1571 1419 1611 quam
1449 1557 1703 1608 Romanam,
1730 1566 1773 1598 et

331 1630 539 1672 hactenus
572 1633 690 1673 cives
724 1641 845 1673 erant
872 1634 1070 1684 Romani,
1101 1635 1193 1674 sine
1225 1632 1317 1674 ulla
1346 1641 1468 1687 parte
1502 1635 1566 1675 rei
1590 1633 1772 1687 publicae

332 1707 693 1750 administrandae.
750 1706 1026 1764 Atque'hinc
1059 1719 1101 1750 et
1130 1718 1340 1765 praeterea
1373 1725 1434 1751 ex
1465 1711 1671 1761 advenis,
1701 1712 1774 1766 qui

334 1785 587 1841 singulatim
629 1788 996 1842 adgregarentur,
1040 1788 1382 1842 antiquissimam
1413 1787 1587 1842 plebem
1617 1787 1774 1829 Roma-

334 1876 432 1902 nam
467 1871 603 1903 ortam
635 1878 729 1904 esse
761 1872 802 1904 et
832 1863 993 1919 populo
1023 1878 1079 1904 ex
1109 1866 1302 1919 patriciis
1329 1863 1645 1920 clientibusque
1674 1879 1775 1906 con-

333 1940 465 1979 stanti
494 1939 762 1991 adiunctam,
792 1939 1030 1993 probabilis
1065 1949 1130 1980 est
1162 1943 1403 1992 sententia,
1434 1943 1495 1983 ita
1521 1950 1568 1981 ut
1599 1950 1774 1997 propter

334 2015 601 2071 singularem
632 2032 827 2068 causam,
862 2032 990 2072 quam
1023 2031 1134 2057 nunc
1163 2018 1323 2059 frustra
1350 2019 1605 2073 investiges,
1636 2017 1774 2059 Alba-

335 2108 487 2134 norum
529 2093 710 2136 Romam
752 2095 1044 2135 traductorum
1087 2094 1250 2150 aliquot
1291 2103 1444 2151 gentes
1484 2096 1530 2135 in
1572 2096 1776 2148 patricios

337 2153 481 2210 statim
512 2170 678 2212 allectae
711 2173 854 2226 putari
884 2170 1091 2222 debeant,
1138 2187 1190 2212 ea
1217 2180 1388 2223 autem,
1430 2186 1523 2227 quoe
1558 2173 1609 2213 de
1641 2173 1774 2227 patri-

335 2247 496 2286 ciarum
528 2249 721 2301 gentium
763 2263 941 2288 numero
981 2263 1007 2289 a
1044 2248 1284 2303 Tarquinio
1327 2249 1475 2289 Prisco
1516 2257 1642 2289 aucto
1689 2256 1773 2289 tra-

335 2323 516 2372 duntur,
558 2325 774 2375 pertinere
806 2325 859 2364 ad
891 2333 1056 2377 partem
1100 2325 1289 2378 aliquam
1324 2324 1571 2364 huiusmodi
1614 2325 1773 2365 clvium

335 2402 377 2440 in
412 2399 587 2455 plenum
631 2401 818 2440 civitatis
859 2401 926 2440 ius
967 2409 1182 2455 receptam
1205 2399 1262 2456 2).
1327 2401 1412 2442 Sed
1445 2414 1504 2441 ex
1535 2415 1618 2455 quo
1649 2400 1772 2457 plebs

361 2553 398 2596 1)
425 2552 575 2596 Dionys.
604 2552 729 2586 Ilalic.
759 2553 835 2589 ΠΙ,
862 2552 930 2593 49,
955 2551 1012 2586 50.
1043 2552 1120 2587 Liv.
1151 2553 1189 2594 I,
1215 2552 1271 2587 39.
1319 2554 1452 2587 Postea
1482 2554 1612 2587 cadem
1640 2553 1772 2588 veien-

424 2617 504 2646 tum
530 2613 681 2646 fortuna
706 2613 777 2646 snit
802 2612 896 2653 <Liv.
926 2614 966 2652 V,
993 2612 1067 2653 22).

359 2674 397 2716 2)
425 2673 503 2707 Liv.
533 2673 569 2713 1,
603 2672 658 2706 30.
712 2673 818 2706 Dion.
846 2674 970 2706 Ilalic.
999 2674 1074 2712 111,
1103 2673 1167 2715 29,
1194 2674 1255 2718 qui
1284 2676 1328 2707 (lc
1355 2674 1412 2708 his
1438 2678 1538 2709 recte
1565 2675 1659 2717 (ΙΙΙ,
1687 2675 1773 2717 31):

429 2734 500 2768 Ταῖς
519 2729 706 2776 ί,Ρνιμαίων
728 2733 847 2778 φυλαῖς
871 2739 927 2768 καὶ
951 2739 1121 2779 φρατρίας
1144 2733 1338 2769 ιῖῖτιὸὶέἶλεν.
1397 2736 1518 2776 Patet,
1544 2735 1772 2770 Niebuhrla-

422 2805 505 2826 nam
536 2804 593 2826 mc
621 2794 699 2828 fcre-
723 2794 943 2828 sentrntiam
973 2795 1017 2828 de
1045 2794 1162 2838 plebis
1183 2794 1327 2838 origine
1347 2796 1450 2840 ecqui
1472 2801 1507 2831 et
1523 2795 1604 2830 idco
1623 2795 1774 2831 brevius
