1981 3390
439 217 505 266 30

373 340 590 381 neminem
620 351 715 380 esse
739 337 926 381 arbitror
957 352 1017 380 ex
1048 340 1126 392 iis,
1156 342 1229 395 qui
1260 342 1305 382 in
1338 339 1620 397 scriptoribus
1651 340 1821 384 Latinis

371 418 569 474 legendis
597 419 761 459 versati
791 425 915 469 sunt,
946 418 1019 472 qui
1051 419 1246 473 ignoret,
1278 427 1485 474 quantum
1515 426 1649 460 restet
1681 433 1824 474 operae

374 498 420 537 in
446 495 668 537 Iuvenalis
698 497 842 537 satiris
874 495 1110 551 ponendae,
1156 509 1287 551 quum
1314 505 1489 552 propter
1518 498 1710 553 ipsarum
1742 497 1826 538 dif-

375 573 641 625 ficultatem,
699 582 789 614 tum
831 573 945 628 quod
986 574 1040 613 ad
1073 587 1147 614 eas
1188 574 1451 615 enarrandas
1486 589 1566 615 nec
1597 575 1723 616 multi
1755 590 1826 617 ac·

376 660 598 693 cesserunt
627 665 707 691 nec
742 652 846 690 satis
879 649 1077 705 plerique
1106 652 1308 692 instructi
1347 652 1403 693 ad
1443 667 1538 694 eam
1567 668 1659 694 rem
1691 669 1826 710 agen·

376 731 489 770 dam.
557 728 702 777 Quum
731 728 846 767 enim
880 726 1130 782 plerisque,
1164 728 1278 781 quod
1305 729 1350 768 in
1381 732 1688 772 vetustissimis
1718 731 1826 783 illis,

377 805 638 857 Calderino,
699 804 949 846 Britannico
977 804 1136 859 quique
1167 804 1280 845 circa
1310 818 1405 846 eam
1439 814 1608 848 aetatem
1636 809 1827 861 fuerunt,

374 885 600 926 ferendum
636 891 726 933 est,
778 882 982 923 subtilior
1007 883 1217 923 sermonis
1247 882 1395 924 Latini
1427 885 1615 940 cognitio
1643 886 1830 937 deesset,

376 964 470 1004 sine
504 977 587 1017 qua
618 976 744 1002 nemo
774 969 918 1016 potest
959 961 1104 1001 omnia
1139 961 1325 1016 vestigia
1355 959 1586 1004 verborum
1624 966 1829 1020 persequi

378 1049 421 1081 et
453 1054 514 1081 ex
545 1041 601 1080 iis
637 1040 701 1079 ita
739 1040 1000 1080 sententiam
1039 1052 1217 1090 eruere,
1277 1047 1326 1079 ut
1367 1052 1454 1080 non
1499 1039 1665 1091 solum,
1727 1042 1829 1096 quid

377 1117 512 1160 verba
545 1115 793 1173 significent
813 1150 825 1172 ‚
861 1116 1032 1166 videat,
1066 1117 1164 1166 sed,
1199 1116 1300 1172 quid
1330 1116 1578 1172 significare
1611 1133 1697 1159 non
1728 1132 1829 1173 pos·

377 1198 490 1248 sint,
549 1197 807 1251 perspiciat,
870 1194 1074 1251 neglecta
1116 1194 1208 1235 fere
1250 1201 1316 1234 est
1354 1195 1400 1234 in
1438 1194 1547 1236 locis
1579 1195 1829 1238 difficilibus

378 1275 662 1329 grammatica
706 1274 797 1314 haec
838 1271 1059 1313 subtilitas
1100 1279 1143 1312 et
1186 1278 1386 1312 accurata
1426 1271 1659 1314 verborum
1698 1275 1831 1316 inter-

376 1352 587 1407 pretatio,
622 1363 716 1406 quae
746 1349 868 1390 illius
901 1357 1105 1405 tanquam
1138 1347 1356 1390 radicibus
1388 1351 1622 1402 niteretur,
1658 1361 1832 1395 senten-

376 1431 534 1485 tiaeque
568 1443 682 1484 saepe
722 1428 1003 1468 coniectando
1033 1428 1173 1482 magis
1208 1441 1335 1482 quam
1365 1428 1689 1483 interpretando
1722 1431 1830 1472 effe·

377 1515 468 1548 ctae.
527 1505 626 1555 Quo
660 1520 791 1561 quum
814 1505 1085 1555 accessisset,
1106 1511 1155 1544 ut
1179 1505 1472 1559 opinarentur,
1505 1506 1550 1546 in
1571 1515 1701 1562 poeta
1727 1510 1832 1549 sati-

378 1586 469 1627 rico
499 1592 599 1625 ante
624 1584 770 1624 omnia
802 1582 1036 1624 videndum
1071 1596 1194 1633 esse,
1231 1581 1331 1637 quid
1365 1581 1540 1638 oblique
1575 1592 1618 1625 et
1648 1584 1831 1627 obscure

378 1664 621 1719 tetigisset,
664 1660 921 1712 (allusiones
951 1663 1142 1710 vocant,)
1185 1662 1308 1716 isque
1340 1659 1424 1700 sibi
1453 1662 1833 1717 ingeniosissimus

379 1741 629 1791 videretur,
694 1741 767 1794 qui
799 1738 985 1793 aliquam
1017 1738 1265 1779 huiusmodi
1305 1737 1670 1795 significationem
1707 1756 1832 1798 repe-

378 1820 533 1868 risset,
563 1866 567 1872 ¹
595 1818 640 1858 id
682 1817 797 1873 quod
832 1815 1089 1858 facillimum
1130 1824 1221 1866 est,
1280 1818 1318 1857 si
1351 1819 1558 1858 orationis
1601 1818 1758 1860 vinclis
1789 1828 1832 1861 te

380 1894 588 1937 exsolvas
622 1903 665 1936 et
692 1909 835 1936 rerum
868 1894 990 1936 leves
1022 1893 1329 1936 similitudines
1362 1897 1560 1947 veneris,
1618 1896 1831 1952 neglectis

380 1972 831 2023 dissimilitudinibus,
855 1986 1093 2028 permagna
1125 1980 1222 2013 orta
1253 1981 1320 2013 est
1353 1987 1548 2014 errorum
1573 1981 1617 2014 et
1648 1976 1835 2017 vanissi-

381 2066 547 2094 marum
569 2052 862 2106 suspicionum
891 2049 1152 2101 multitudo,
1185 2063 1342 2106 quum,
1372 2051 1562 2092 nondum
1589 2060 1833 2108 perspecto,

381 2131 482 2188 quid
508 2138 638 2186 poeta
670 2129 857 2169 dixisset
898 2136 940 2169 et
972 2142 1064 2184 quae
1095 2136 1244 2184 posset
1274 2129 1320 2168 in
1345 2127 1492 2169 verbis
1523 2131 1740 2171 sententia
1769 2131 1835 2172 in-

382 2223 504 2259 esse,
554 2215 841 2264 quaereretur,
889 2206 991 2261 quid
1021 2204 1339 2261 significasset,
1380 2204 1723 2260 significationes
1756 2222 1833 2248 au-

383 2295 470 2328 tem
500 2299 586 2326 non
613 2299 673 2326 ex
700 2285 813 2325 notis
843 2285 923 2334 iis,
970 2297 1075 2339 quas
1108 2291 1237 2338 poeta
1262 2284 1506 2337 posuisset,
1562 2293 1832 2336 eruerentur,

384 2365 461 2407 sed
493 2363 669 2406 aliunde
700 2371 879 2418 sumptae
912 2362 1197 2411 inferrentur,
1234 2369 1275 2401 et
1311 2361 1364 2402 ad
1397 2375 1470 2402 eas
1500 2360 1635 2403 verba
1665 2377 1832 2404 accom-

385 2443 676 2485 modarentur.
738 2441 853 2482 Huic
883 2440 1067 2495 denique
1097 2440 1375 2495 perversitati
1414 2454 1545 2495 quum
1575 2441 1834 2497 adiungere-

384 2531 453 2563 tur
477 2535 629 2578 parum
660 2527 785 2560 cauta
812 2533 960 2559 earum
994 2533 1162 2570 rerum,
1207 2532 1300 2574 quae
1333 2533 1391 2560 ex
1424 2518 1617 2559 historiae
1649 2527 1691 2560 et
1723 2519 1833 2560 anti-

386 2601 561 2656 quitatis
591 2599 840 2654 cognitione
874 2597 926 2639 ad
959 2597 1359 2652 interpretationem
1385 2596 1715 2647 adhibebantur,
1748 2607 1834 2638 tra-

387 2679 517 2720 ctatio
538 2679 601 2728 ¹),
658 2662 858 2717 absoluta
887 2684 952 2717 est
984 2677 1242 2732 pravissima
1277 2677 1646 2730 interpretationis
1679 2675 1831 2724 forma,

413 2782 450 2821 ¹)
477 2778 656 2823 Exemplo
682 2788 761 2812 esse
785 2779 937 2822 possunt
961 2777 1066 2820 (nam
1091 2775 1351 2821 superiorum,
1389 2776 1523 2821 quibus
1546 2774 1689 2822 ignosci
1713 2774 1836 2816 debet,

476 2850 621 2875 errores
653 2839 839 2874 interdum
872 2848 894 2873 11
930 2837 1200 2874 recentioribus
1234 2837 1413 2883 repctitos
1445 2837 1596 2882 omitto)
1643 2837 1834 2882 pleraque,
