1981 3390
1469 223 1528 271 17

1134 303 1158 325 Q

137 343 252 387 Hine
280 342 394 400 apud
420 339 657 397 Apuleium
692 354 734 397 p.
764 341 794 381 9
819 342 844 393 §
872 341 929 383 27
954 341 1111 383 citatur
1147 340 1284 382 Carus
1313 344 1359 382 τίη
1385 341 1592 386 Hercule.

136 423 370 465 Proximus
401 427 467 462 est
494 419 646 461 Ovidii
676 432 856 460 versus:

254 498 427 554 Quique
461 498 578 539 dedit
608 497 738 538 Latio
769 510 942 538 carmen
967 496 1118 552 regale
1150 497 1365 546 Severus3

134 577 260 634 quern
293 591 494 628 versum,
523 584 820 632 comparatum
850 590 948 617 cum
984 577 1112 617 initio
1156 575 1352 632 epistolae
1391 576 1591 618 secundae

134 654 261 696 huius
290 654 416 705 libri,
452 654 603 706 multi,
635 664 683 696 ut
708 654 945 707 Heinsius,
978 655 1031 696 de
1066 655 1291 711 tragoedia
1322 653 1591 710 intelligunt,

133 733 231 775 aliis
265 732 563 775 dubitantibus
583 735 646 785 1);
709 747 770 775 ex
802 747 886 789 quo
920 735 965 774 in
999 734 1208 776 Scriverii
1238 732 1424 773 indicem
1456 734 1591 788 tragi-

134 826 282 854 corum
311 811 477 853 relatus
509 820 577 852 est
611 809 842 852 Cornelius
876 813 1094 862 Severus,
1147 811 1199 852 ad
1233 825 1360 865 quem
1388 810 1468 852 illa
1499 812 1591 866 epi-

134 890 248 932 stola
280 893 441 945 scripta
467 897 655 944 putatur.
736 888 868 943 Apud
906 888 1148 944 Apuleium
1188 887 1390 928 laudatur
1433 903 1475 942 p.
1504 890 1532 928 9
1565 890 1588 939 ξ

129 970 209 1010 28:
273 967 446 1008 Cassius
476 964 664 1006 Severus·
694 967 740 1005 iu
771 966 805 1008 I
811 965 857 1006 V.
890 966 1146 1019 tragoedia,
1189 966 1385 1006 inaudito
1418 973 1591 1021 tragoe-

130 1046 212 1086 diae
244 1044 425 1085 citanda}
457 1043 599 1084 modo.
658 1041 864 1084 Osannus
895 1052 1040 1084 tamen
1071 1043 1116 1085 id
1148 1043 1282 1085 refert
1309 1044 1363 1084 ad
1389 1041 1590 1085 Cassium

129 1123 341 1166 Severum
374 1122 682 1173 parmensem,
745 1136 873 1177 quem
904 1122 1154 1177 tragoedias
1186 1124 1439 1178 scripsisse,
1491 1121 1588 1163 solo

129 1200 462 1242 scholiastarum
507 1200 559 1241 ad
604 1199 758 1241 Horat.
790 1200 901 1256 Epp.
933 1202 975 1251 1,
1004 1202 1047 1251 4,
1077 1202 1106 1242 3
1136 1202 1385 1242 testimonio
1430 1198 1588 1241 confir-

130 1289 309 1330 matur„
351 1279 438 1321 Sed
472 1278 585 1333 quod
615 1277 750 1329 hunc,
785 1279 858 1333 qui
885 1277 1005 1319 bello
1039 1278 1162 1319 civili
1186 1280 1340 1334 periit,
1370 1279 1586 1319 recentio-

128 1372 199 1399 res
234 1359 444 1399 Sevcrum
478 1355 726 1411 appellant,
773 1370 894 1397 error
923 1364 1015 1406 est,
1050 1356 1230 1398 relictus
1264 1371 1322 1398 ex
1353 1371 1430 1407 eo,
1471 1356 1585 1412 quod

129 1434 234 1476 olim
255 1433 368 1474 hunc
401 1448 496 1474 cum
523 1432 676 1474 Cassio
698 1435 880 1484 Severo,
909 1433 1183 1475 nobilissimo
1212 1435 1406 1490 Augusti
1438 1442 1481 1474 ct
1507 1433 1586 1474 Ti-

127 1512 238 1554 berii
259 1519 385 1552 aetate
405 1519 577 1552 oratore
593 1512 652 1563 2),
687 1510 1036 1562 confundebant3
1067 1513 1142 1568 qui
1173 1526 1294 1553 error
1322 1526 1454 1567 quum
1483 1510 1585 1552 sub-

125 1590 241 1633 latus
270 1589 429 1630 dudum
460 1591 517 1630 sit
549 1604 575 1630 a
609 1589 872 1631 Ruhnkenio
893 1591 951 1640 ³),
986 1589 1102 1631 male
1134 1590 1313 1641 faciunt,
1347 1591 1436 1646 qui,
1470 1589 1584 1630 hunc

125 1670 170 1710 in
205 1670 369 1710 caeteris
397 1669 551 1718 secuti,
582 1666 736 1709 Cassio
767 1667 996 1709 Parmensi
1018 1668 1174 1710 Severi
1201 1682 1377 1719 nomen,
1408 1683 1433 1709 a
1461 1667 1583 1709 nullo

127 1756 325 1788 veterum
353 1747 395 1787 ei
427 1745 661 1798 tributum,
715 1745 1039 1802 relinquunt4).
1118 1746 1272 1788 Restat
1307 1747 1443 1802 igitur
1472 1746 1584 1787 alter

125 1825 203 1866 ille
237 1823 417 1866 Cassius
452 1826 672 1877 Severus,
727 1840 853 1881 quem
883 1826 1036 1880 poesin
1070 1826 1283 1881 attigisse.
1303 1839 1430 1866 nemo
1461 1832 1584 1866 vete-

124 1918 220 1945 rum
251 1904 293 1943 in
326 1903 680 1958 frequentissima
723 1905 817 1944 eius
853 1905 1074 1944 mentione
1109 1903 1300 1943 tradidit.
1369 1902 1581 1957 Apparet,

127 1983 304 2036 opinor,
336 1983 589 2035 scriptorem
627 1997 686 2022 ex
721 1981 871 2022 Ovidii
902 1981 999 2021 loco
1030 1979 1143 2020 male
1170 1979 1417 2029 intellecto,
1450 1993 1582 2034 quum

125 2073 204 2114 pro
239 2057 444 2098 Cornelio
477 2060 644 2099 Severo
678 2057 879 2098 Cassium
905 2055 1146 2113 significari
1170 2063 1366 2111 putasset
1395 2070 1581 2113 eumque

154 2241 192 2284 ι)
218 2240 260 2272 V.
288 2251 319 2272 c.
349 2237 487 2271 Funcc.
515 2236 560 2270 dc
584 2236 687 2271 xirili
714 2241 812 2272 aelat.
838 2237 879 2271 L.
906 2237 948 2272 L.
974 2237 1050 2282 Ip.
1071 2236 1151 2273 287
1200 2236 1366 2272 Schocll.
1391 2235 1479 2271 hist.
1513 2237 1580 2272 ab·

217 2298 330 2345 regec
353 2299 400 2332 do
426 2299 466 2332 la
493 2298 563 2333 litt.
612 2301 722 2334 Rom.
750 2312 784 2344 p.
809 2299 890 2333 25⁰.

152 2363 192 2405 ²)
217 2362 273 2395 Dc
309 2372 352 2393 eo
386 2359 460 2393 vid.
499 2359 650 2394 schulz.
688 2361 735 2395 ad
761 2361 912 2405 Dialog.
942 2359 988 2394 de
1022 2359 1160 2397 caussis
1195 2362 1360 2406 corrupt.
1387 2360 1511 2407 eloqu.
1542 2373 1577 2407 p.

218 2423 317 2457 xix.
377 2420 561 2466 Spalding
589 2422 635 2455 ad
663 2421 790 2466 Quint.
818 2421 881 2463 Vl,
906 2421 941 2463 1,
968 2422 1024 2458 43.

152 2485 190 2528 ⁸)
216 2484 263 2518 ad
289 2483 384 2516 Vcll.
412 2480 559 2516 Patere.
586 2483 634 2524 11,
659 2482 716 2525 88,
743 2483 777 2517 l.

151 2546 191 2588 ⁴)
218 2545 260 2578 Id
285 2548 417 2589 praeter
435 2543 626 2576 Osannum
654 2554 674 2576 e
697 2543 970 2579 recentioribus
994 2543 1139 2578 faciunt
1159 2543 1324 2585 Passow,
1350 2542 1581 2588 Grundziige

219 2606 286 2639 der
311 2593 374 2651 Agr.
410 2615 444 2638 u.
486 2605 579 2638 riim.
614 2604 950 2651 Litteraturgesch.
981 2619 1016 2652 p.
1042 2606 1087 2640 71
1126 2605 1182 2639 cd.
1211 2605 1244 2640 1.
1282 2605 1387 2648 (nam
1412 2604 1581 2638 secundae

215 2666 451 2712 inspiciendae
485 2677 584 2700 nunc
624 2667 733 2711 copia.
767 2678 840 2701 non
881 2668 966 2711 cst).
1034 2666 1200 2701 Sclioell.
1238 2665 1326 2701 hist.
1362 2665 1408 2699 dc
1445 2665 1481 2698 la
1506 2664 1578 2699 litt.

216 2728 327 2762 Rom.
346 2727 364 2761 1
395 2741 428 2773 p.
449 2726 516 2760 211
545 2731 637 2770 not„
662 2728 774 2762 Baehr
803 2728 939 2762 Gesch.
969 2728 1004 2762 d.
1031 2739 1062 2763 r.
1094 2727 1184 2762 Litt.
1210 2739 1247 2772 p.
1273 2726 1320 2761 87
1344 2727 1399 2760 ed.
1420 2725 1454 2759 2.
1504 2726 1581 2759 Re-

220 2787 316 2821 otius
342 2788 541 2834 Spalding,
564 2789 625 2824 vir
648 2789 686 2823 in
711 2789 842 2835 primis
867 2789 1041 2835 diligeuS,
1070 2790 1118 2825 ad
1143 2787 1301 2834 Quintil.
1328 2787 1372 2829 V,
1397 2785 1454 2828 ll,
1475 2784 1520 2819 21
1545 2789 1582 2820 et

220 2846 349 2893 Lange
378 2849 519 2884 vindic.
547 2850 738 2896 Tragoed.
769 2851 878 2888 Rom.
907 2863 942 2897 p.
970 2850 1026 2885 10.

1298 2919 1321 2952 2
