1981 3390
415 225 514 277 432

347 345 611 402 reliquarum
653 346 852 403 stirpium
895 346 1009 388 facta
1050 346 1347 403 interpolatio:
1396 361 1530 390 meum
1575 363 1716 392 cacum
1747 355 1791 393 et

345 437 465 464 suam
501 424 712 478 proedam.
781 425 822 467 A
865 423 1075 466 Bernensi
1113 425 1267 466 deinde
1305 425 1609 480 disiunguntur
1640 440 1790 473 omnes

349 508 392 542 et
424 500 529 541 alibi
561 509 604 541 et
633 503 904 556 apertissime
937 516 972 541 c.
1003 503 1073 551 37,
1110 503 1180 553 79,
1216 502 1293 543 ubi
1329 504 1606 558 (quamquam
1637 512 1676 554 ψ
1704 516 1792 544 nou

348 575 612 630 nominatur)
648 591 776 617 voces
809 583 857 616 ut
889 591 916 617 α
947 581 1036 617 suis
1066 582 1252 619 munitus
1281 589 1531 634 repetuntur
1558 588 1656 633 post
1684 594 1792 620 rem-

344 655 590 708 publicam,
636 653 747 707 quod
779 667 909 707 quum
950 654 995 692 in
1019 653 1256 695 parisiensi
1288 669 1456 711 quoque
1488 655 1588 707 fiat,
1631 657 1791 697 codicis

348 731 570 784 archetypi
597 730 639 769 id
670 730 870 769 mendum
902 731 1045 785 putari
1070 729 1213 780 debet,
1241 732 1353 785 quod
1379 733 1537 772 codicis
1560 731 1792 773 Bernensis

346 808 529 862 scriptor
561 808 654 862 ipse
684 806 929 855 sustulerit3
958 806 1113 848 deinde
1145 822 1181 847 c.
1205 809 1274 858 30,
1305 809 1374 856 64,
1407 807 1481 848 ubi
1512 809 1555 848 in
1582 807 1792 849 Bernensi

346 892 412 925 est
443 892 559 925 recte
592 889 888 939 quererentur,
926 885 972 924 in
1011 883 1078 924 his
1114 892 1258 925 autem
1303 883 1388 938 (H,
1419 885 1476 934 S,
1508 899 1558 942 χ,
1591 895 1656 938 tp,-
1690 899 1790 927 nam

345 959 401 1011 T,
431 959 466 1001 C
497 960 587 1000 haec
617 959 836 1013 omittunt)
863 973 1070 1016 qucerere,
1100 962 1143 1001 in
1175 961 1427 1012 parisiensi,
1460 977 1544 1003 non
1575 962 1788 1003 occultato

346 1038 516 1086 mendo,
549 1050 742 1091 querere.
796 1036 950 1078 Ortum
976 1037 1017 1077 id
1039 1051 1094 1078 ex
1120 1052 1171 1078 eo
1190 1046 1268 1087 est,
1296 1039 1409 1093 quod
1425 1047 1467 1079 et
1487 1041 1540 1090 is,
1574 1041 1647 1094 qui
1667 1039 1789 1080 Pari-

343 1115 532 1154 siensem
564 1115 757 1168 scripsit,
795 1122 837 1154 et
867 1115 928 1164 is,
971 1115 1045 1169 qui
1077 1117 1213 1155 tertiae
1243 1115 1418 1156 familiae
1447 1117 1684 1171 principem
1715 1130 1787 1157 co-

343 1191 510 1241 dicem,
543 1191 842 1245 compendium
880 1192 1101 1246 scripturae
1142 1191 1301 1233 codicis
1343 1192 1562 1246 archetypi
1600 1194 1789 1234 assecuti

344 1281 429 1307 non
461 1276 585 1318 sunt,
614 1268 727 1322 quod
758 1267 839 1308 hoc
872 1267 968 1308 loco
1000 1266 1234 1309 Beruensis
1261 1269 1421 1310 codicis
1450 1271 1631 1322 scriptor
1661 1268 1790 1310 intel-

342 1342 478 1391 lexit3
511 1345 554 1383 in
589 1358 625 1384 c.
653 1345 720 1394 12,
750 1344 807 1386 *27
836 1346 874 1385 is
907 1359 1076 1400 quoque
1118 1359 1214 1386 cum
1247 1345 1506 1386 parisiensis
1544 1346 1702 1387 codicis
1734 1346 1789 1387 li-

342 1419 488 1461 brario
517 1419 735 1460 aberravit
767 1423 1039 1476 scripsitque,
1072 1422 1182 1476 quod
1216 1421 1410 1463 Orellius
1441 1425 1604 1478 recepit
1633 1431 1676 1464 et
1705 1437 1786 1479 ego

343 1511 537 1552 quoque,
567 1506 796 1552 antequam
826 1499 984 1538 erroris
1017 1499 1228 1554 originem
1260 1501 1488 1554 perspexi,
1518 1514 1602 1541 non
1632 1499 1788 1554 proba-

342 1572 470 1624 bam,
500 1573 574 1613 sed
606 1582 748 1614 tamen
785 1588 845 1614 ex
878 1574 1057 1630 vulgato
1101 1584 1242 1615 ortum
1283 1589 1367 1615 non
1413 1590 1509 1616 esse
1543 1576 1786 1628 credebam,

344 1650 626 1704 deprecarere
656 1665 734 1704 pro
773 1650 1125 1713 deprecarentur,
1169 1650 1243 1692 ubi
1275 1653 1319 1692 in
1353 1651 1489 1692 tribus
1519 1652 1787 1694 Oxoniensi-

343 1726 424 1768 bus
456 1735 687 1781 supersunt
717 1741 773 1767 ex
807 1728 1000 1782 principe
1031 1729 1167 1768 tertiae
1197 1728 1374 1769 familiae
1397 1738 1569 1769 servata
1599 1731 1787 1783 vestigia

341 1804 584 1858 compendii
610 1817 693 1843 non
725 1804 896 1857 quidem
929 1803 1154 1854 intellecti,
1187 1805 1262 1845 sed
1296 1804 1423 1845 aliter
1456 1805 1664 1861 explicati
1690 1807 1785 1857 (de-

339 1883 563 1933 precurz’se
593 1893 632 1935 χ,
667 1889 718 1931 ψ,
751 1880 1020 1933 deprecans-e
1049 1878 1124 1935 H.)
1143 1881 1198 1934 ¹).
1259 1880 1612 1935 Deprecarenmr
1644 1898 1784 1925 corre-

341 1958 425 1996 ctio
459 1965 552 2007 est,
585 1956 661 1997 sed
694 1957 936 1998 verissima.
1008 1956 1076 1998 De
1109 1956 1144 1998 C
1178 1965 1219 1998 et
1251 1956 1289 1997 T
1320 1958 1502 2013 denique
1534 1962 1656 2001 testis
1688 1975 1784 2003 esse

340 2042 506 2087 potest,
541 2048 667 2088 quem
699 2033 831 2087 paulo
863 2042 962 2074 ante
991 2035 1140 2087 posui,
1183 2033 1304 2075 locus
1335 2049 1393 2075 ex
1428 2051 1464 2076 c.
1494 2037 1571 2087 31,
1598 2039 1654 2077 67
1679 2038 1783 2088 (non

339 2111 529 2164 solitam)
545 2110 602 2163 ²).
665 2110 830 2152 Verum
847 2125 932 2152 non
953 2111 1094 2152 solum
1121 2111 1174 2153 ab
1194 2110 1262 2153 his
1286 2111 1465 2153 familiis
1481 2115 1782 2169 seiunguntur,

366 2272 404 2312 ²)
429 2272 509 2304 Non
537 2271 714 2315 probavi,
739 2272 912 2318 inquam,
942 2273 1203 2318 deprecarere5
1238 2285 1326 2309 nam
1358 2275 1521 2310 secunda
1554 2286 1713 2321 persona
1744 2276 1782 2311 in

428 2331 643 2364 huiusmodi
671 2332 763 2366 locis
788 2333 840 2366 sic
865 2335 1037 2378 ponitur,
1071 2339 1114 2368 ut
1138 2339 1264 2369 orator
1290 2339 1356 2369 aut
1385 2337 1431 2369 «le
1454 2347 1494 2370 se
1517 2337 1694 2380 loquatur
1717 2340 1784 2370 aut

433 2400 472 2422 se
498 2393 621 2424 tamen
648 2402 721 2425 una
745 2394 1056 2437 comprehendam
1091 2395 1135 2426 de
1169 2394 1254 2427 aliis
1277 2399 1425 2435 autem,
1463 2405 1553 2438 quos
1577 2394 1652 2427 iam
1679 2405 1778 2428 com-

428 2449 672 2492 memoravit,
697 2462 809 2493 quum
836 2452 923 2495 quid
948 2453 1161 2487 faciendum
1185 2452 1230 2487 iis
1257 2452 1395 2493 fuerit,
1422 2453 1574 2497 quum-it,
1600 2463 1672 2487 nou
1697 2459 1780 2498 pot-

432 2513 487 2543 ent
512 2509 657 2542 dicere:
687 2510 773 2553 quid
793 2511 976 2551 faceres?
1009 2513 1073 2545 sed
1096 2512 1305 2547 necessario
1331 2512 1439 2546 dicit:
1474 2513 1561 2555 quid
1579 2513 1780 2554 facerent?

360 2569 400 2612 2)
429 2569 484 2603 Ne
512 2569 592 2614 quin
617 2569 713 2603 illud
746 2570 900 2606 obiiciat
925 2581 946 2605 a
973 2583 1032 2605 me
1067 2572 1147 2617 ipso
1185 2584 1298 2617 supra
1331 2573 1493 2616 positum
1528 2584 1570 2607 ex
1599 2574 1780 2607 Bernensi

429 2641 472 2663 cx
493 2641 523 2663 c.
551 2629 607 2671 16,
632 2629 677 2663 37
697 2631 951 2675 popularitera
976 2633 1041 2665 isti
1062 2637 1230 2677 neterque
1254 2634 1461 2677 mendaque
1482 2632 1568 2666 inde
1592 2637 1697 2675 orta,
1726 2637 1782 2668 te-

429 2690 592 2723 nendum
616 2695 692 2732 est,
727 2691 814 2726 ilion
836 2703 914 2726 csse
938 2691 1053 2738 ipsius
1086 2693 1222 2727 codicis
1254 2693 1450 2738 archetypi
1483 2692 1674 2737 scripturae
1710 2693 1780 2727 du-

432 2755 512 2786 ctus
537 2755 839 2797 repraescntatos‚
866 2752 928 2797 qui
957 2753 1086 2786 eodem
1111 2754 1220 2788 modo
1246 2753 1283 2787 in
1314 2753 1429 2788 tertiae
1464 2752 1616 2787 familie
1642 2752 1779 2797 princi-

430 2823 517 2855 pem
543 2813 708 2850 codicem
732 2813 905 2850 translati
928 2812 1000 2849 ista
1022 2813 1061 2849 in
1087 2813 1157 2850 illa
1181 2814 1329 2852 familia
1353 2815 1488 2852 menda
1509 2812 1721 2860 genuerint.
