1981 3390
425 258 524 306 440

361 388 450 418 vox
471 375 562 417 haec
583 378 759 426 serv-icet,
795 388 969 430 quorum
997 389 1127 432 opera
1160 381 1203 417 et
1228 376 1334 418 mihi
1354 383 1402 419 ¹et
1435 376 1552 435 robis·
1585 384 1628 419 et
1653 382 1811 435 populo

361 454 556 496 Romano
587 457 789 494 restituta
821 459 899 494 est.
963 455 1050 496 Sed
1079 457 1198 508 quia,
1229 457 1340 509 quud
1365 457 1612 498 llotomano
1636 467 1811 500 auctore

360 530 587 572 Ernestius
626 532 791 585 primus
832 530 996 570 addidit
1033 529 1291 585 firmantque
1340 534 1508 574 codices
1553 532 1815 586 Ber-nenses,

362 609 574 648 omittitur
605 614 649 646 et
675 607 718 645 in
750 607 898 658 primae
932 606 1108 647 familiae
1139 607 1356 650 codicibus
1387 610 1517 664 (Pan,
1555 611 1620 651 ed.
1649 608 1811 667 Naug.)

365 693 407 725 et
439 685 482 724 in
515 683 651 723 tertiae
686 681 961 736 (vulgaribus
994 683 1235 734 omnibus),
1270 694 1449 739 estque,
1490 688 1528 726 si
1560 688 1814 742 diligentius

365 759 587 809 attendas,
617 758 846 814 dupliciter
880 761 1107 811 vitiosum,
1142 774 1240 801 nam
1273 763 1458 816 primum
1490 776 1573 803 non
1608 768 1711 818 qnia
1737 767 1813 806 sed

366 840 566 893 qnoniam
611 850 708 877 esse
753 835 908 878 saltem
963 836 1149 879 debebat
1171 837 1236 891 1),·
1298 838 1452 879 deinde
1494 840 1636 880 inanis
1681 842 1816 882 oritur

364 914 631 970 tautologia3
670 928 809 968 neque
854 916 969 955 enim
1012 914 1089 955 alii
1126 922 1248 955 erant
1292 914 1383 966 illi,
1439 914 1593 970 quibus
1639 918 1818 973 agendae

369 1001 491 1034 erant
516 993 691 1047 gratiae,
733 991 833 1041 alii,
880 1006 1060 1047 quorum
1094 1006 1223 1044 opera
1259 1006 1343 1033 vox
1376 992 1600 1034 Ciceronis
1629 995 1712 1050 ipsi
1742 1009 1818 1050 po-

368 1069 559 1125 puloque
585 1069 787 1109 restituta
820 1077 926 1108 erat.
988 1068 1252 1109 Tollendum
1286 1079 1351 1110 est
1381 1072 1512 1125 igitur
1547 1071 1821 1123 vocabulum,
1857 1118 1869 1125 κ

368 1145 644 1201 finiendaque
689 1147 904 1186 sententia
949 1147 994 1186 in
1038 1145 1171 1186 verbo
1209 1147 1497 1200 depellendis,
1551 1149 1620 1188 cui
1664 1148 1819 1189 deinde

370 1232 574 1279 tanquam
615 1221 875 1263 confirmans
917 1236 1048 1277 seque
1097 1222 1336 1264 exhortans
1376 1232 1520 1264 orator
1561 1224 1701 1265 addit:
1755 1225 1823 1266 Iae‘s

361 1304 630 1355 potissimum
667 1297 876 1355 (inquam)
906 1298 998 1340 leoec
1027 1312 1115 1340 vose)
1137 1304 1324 1348 servitu,-
1362 1301 1402 1340 id
1434 1308 1523 1351 est,
1556 1305 1720 1342 servire
1748 1301 1822 1343 de-

371 1377 464 1427 het3
502 1379 546 1418 in
582 1391 665 1432 quo
698 1390 783 1417 non
817 1376 970 1427 video,
1004 1377 1104 1432 quid
1135 1379 1229 1418 iure
1262 1377 1569 1433 reprehendas.

490 1453 539 1495 C.
568 1456 611 1504 2,
640 1455 669 1493 4
693 1452 896 1494 scribitur
927 1455 1026 1495 inde
1060 1453 1112 1495 ab
1144 1456 1331 1509 antiquis
1365 1453 1625 1495 editoribus:
1669 1453 1824 1511 Neque

373 1535 484 1573 em‘m
519 1545 541 1571 ο
574 1535 658 1572 ocio
692 1535 964 1572 coniunctior
991 1532 1113 1572 dolor
1144 1533 1259 1572 ullus
1289 1545 1378 1572 esse
1403 1537 1569 1586 polest,
1601 1546 1724 1586 qnam
1752 1532 1824 1574 laic

372 1622 511 1658 mens,
556 1615 777 1663 susceptus
822 1621 881 1649 ea:
913 1608 1096 1649 honestas
1129 1610 1182 1649 de
1217 1622 1282 1648 me
1326 1605 1482 1662 optime
1522 1612 1669 1649 merila·
1704 1613 1824 1663 peri-

375 1686 495 1738 culo,
536 1698 673 1740 neque
716 1685 949 1727 iracundia
995 1689 1133 1739 magis
1176 1686 1269 1726 ulla
1314 1686 1563 1736 laudanda,
1599 1699 1724 1740 quum
1757 1700 1825 1738 ea,

374 1775 468 1818 quoe
501 1775 565 1824 me
596 1763 837 1815 z'fflammat
868 1770 973 1812 etc„
1015 1776 1076 1802 ex
1116 1762 1476 1815 interpolatione,
1518 1776 1643 1816 quam
1677 1777 1826 1805 omnes

375 1847 563 1895 arguunt
596 1839 789 1888 codices;
830 1853 928 1880 nam
961 1853 1038 1892 pro
1076 1852 1213 1893 neque
1252 1843 1361 1879 em’m
1397 1841 1438 1879 in
1480 1838 1578 1880 Par.
1610 1849 1675 1880 est
1705 1854 1825 1882 nam-

375 1930 471 1972 que,
504 1919 549 1957 in
579 1915 738 1957 Bernn.
773 1920 961 1971 namqui,
993 1918 1035 1956 in
1070 1915 1400 1957 oxoniensibus
1431 1915 1569 1957 tribus
1599 1930 1750 1972 neque,
1781 1919 1826 1959 in

376 1994 476 2035 aliis
507 1993 643 2035 tribus
678 2003 720 2035 et
748 1995 990 2035 Franciano
1029 2007 1260 2050 nunquam.
1323 1994 1447 2034 Patet
1475 2008 1614 2049 neque
1642 1998 1753 2035 euim
1781 1997 1827 2036 in

376 2072 522 2114 codice
557 2071 787 2127 archetypo
822 2072 980 2123 fuisse‘,
1023 2085 1162 2126 neque
1192 2054 1384 2126 simplex'
1415 2084 1574 2126 neque,
1606 2072 1681 2113 sed
1710 2071 1827 2114 Nam

375 2163 535 2206 neque,
569 2150 682 2205 quod
725 2149 940 2189 interdum
987 2163 1011 2190 a
1051 2148 1242 2189 librariis
1286 2157 1534 2204 corruptum
1574 2157 1639 2190 est
1670 2151 1827 2204 partim

374 2235 550 2282 propter
569 2227 773 2267 ductuum
794 2226 1122 2267 similitudinem
1155 2225 1359 2281 aliquam,
1387 2227 1559 2279 partim,
1585 2228 1825 2269 recentiore

376 2312 596 2358 tempore,
645 2304 759 2359 quod
807 2302 1084 2358 requirebant
1124 2316 1260 2357 neque
1305 2307 1442 2353 enim,
1493 2303 1601 2344 illud
1642 2303 1827 2344 alterum

378 2379 655 2434 respuebant.
722 2380 807 2420 Sed
840 2379 971 2419 habet
1000 2379 1043 2418 id
1076 2393 1200 2419 suum
1235 2388 1277 2419 et
1310 2382 1528 2433 proprium
1558 2379 1725 2429 locum,
1754 2379 1829 2421 ubi

378 2459 421 2498 in
453 2457 621 2497 ratione
655 2455 872 2496 reddenda
905 2455 989 2495 duo
1012 2453 1201 2494 membra
1222 2454 1420 2509 aequalia,
1456 2455 1668 2497 interdum
1698 2457 1828 2498 ctiam

379 2535 620 2583 contraria,
654 2531 960 2588 distinguenda
991 2539 1107 2571 sunt.
1174 2530 1284 2572 Nam
1316 2533 1517 2587 quoniam
1549 2545 1685 2587 neque
1717 2538 1828 2575 enim

404 2673 442 2717 ²)
469 2672 550 2706 Non
577 2681 703 2711 causa,
731 2682 793 2703 cur
818 2669 864 2703 iis
891 2679 958 2702 vox
986 2666 1138 2709 serviat,
1165 2667 1352 2703 indicatur
1380 2669 1465 2712 (uec
1492 2670 1605 2705 addus
1631 2671 1736 2711 idc⁰;
1764 2683 1831 2706 uec

467 2736 650 2766 nostrates
676 2730 841 2764 dicer-cut
860 2729 978 2771 foa-«li,
1009 2728 1070 2761 scd
1099 2728 1222 2768 siden,
1252 2741 1329 2774 qua:
1356 2728 1629 2766 Germanorum
1659 2742 1731 2766 una
1762 2744 1830 2766 vox

469 2793 545 2826 weil
579 2790 813 2837 coniungit)3
845 2791 918 2825 hoc
950 2793 1097 2824 tantum
1135 2789 1211 2823 dici-
1245 2794 1409 2834 poterat:
1449 2791 1639 2835 Tempora
1670 2802 1712 2825 ra
1738 2795 1833 2837 sunt,

466 2857 507 2888 ut
535 2863 675 2899 cogar-3
701 2853 797 2897 quod
824 2851 999 2896 quonium
1030 2851 1082 2886 ita
1109 2855 1184 2892 cst,
1214 2851 1256 2886 iis
1285 2852 1516 2896 potissimum
1546 2855 1612 2885 etc.
