1981 3390
398 260 492 310 153

327 381 519 425 Omnino
566 380 725 435 saepius
774 380 921 421 nescio
980 381 1102 422 cuius
1158 376 1425 437 δεινότητος.
1462 379 1607 423 studio
1635 391 1776 424 ¹voces

327 467 477 502 contra
507 456 763 498 Latinorum
800 471 965 498 morem
1009 466 1052 498 et
1096 471 1249 500 verum
1294 459 1503 500 orationis
1544 456 1778 502 artificium

331 536 561 593 duplicatae
593 542 716 576 erant
743 532 797 574 ab
826 533 1091 587 editoribus,
1121 535 1244 577 velut
1272 551 1353 592 pro
1383 535 1482 578 Mil.
1506 538 1577 588 28,
1602 530 1673 588 ¹76,
1701 535 1779 579 ubi

326 613 660 670 interrogationi
682 612 927 665 (pecuniam
963 612 1059 652 [lico
1072 614 1112 665 .2)
1143 615 1405 655 contrarium
1436 622 1479 655 et
1509 615 1649 655 maius
1678 628 1777 655 cum

308 692 570 748 *affirmandi
600 687 814 744 particula
847 687 1004 729 subiici
1039 688 1191 732 debet:
1221 705 1249 731 a
1273 691 1435 742 liberis,
1469 691 1778 744 mediusfidius,

327 777 408 812 etc.
466 770 522 809 Et
560 769 622 808 sic
663 767 848 808 codices.
921 765 1073 822 Itaque
1104 769 1293 808 correxi.
1356 769 1564 811 Eiusdem
1598 772 1773 826 generis

327 856 420 890 erat
460 846 564 888 ibid.
595 847 674 897 31,
714 846 771 886 84
813 843 886 886 Ea
925 848 1014 895 υιέ,
1061 858 1114 886 ea
1153 849 1294 900 igitur
1324 849 1445 901 ipsa,
1487 862 1566 902 pro
1600 862 1684 903 quo
1716 862 1777 889 ex

325 925 434 968 Bav.
468 932 511 965 et
542 924 633 965 Erf.
664 923 801 965 edidi:
832 921 905 964 Ea
937 926 1004 964 vis
1040 926 1180 978 igitur
1211 927 1322 979 ipsa.
1386 924 1577 981 Philipp.
1608 939 1778 982 quoque

326 1004 395 1056 ΙΙ,
427 1005 506 1054 28,
537 1004 593 1043 69
629 1000 824 1053 (AVolt'te,
856 1001 992 1042 nolite
1027 1005 1239 1056 quoerere)
1274 1001 1460 1044 alterum
1490 1005 1628 1045 nolite
1659 1012 1778 1046 recte

327 1083 568 1125 Vaticanus
582 1079 792 1120 excludit.
863 1078 1043 1120 Leniter
1064 1077 1216 1121 Cicero
1236 1081 1388 1122 irridet
1403 1080 1659 1134 Antonium,
1691 1095 1778 1124 non

326 1162 442 1203 serio
474 1167 518 1201 et
546 1157 828 1199 vehementer
851 1164 986 1198 vetat.

447 1237 637 1279 Deducti
677 1248 826 1276 sumus
859 1249 885 1275 a
913 1233 1169 1275 Milonianae
1203 1236 1413 1276 orationis
1452 1235 1550 1277 loco
1580 1237 1634 1277 ad
1659 1242 1779 1288 eam,

327 1330 421 1372 quae
450 1315 654 1368 proxima
689 1321 779 1364 est,
807 1312 1106 1366 Ligarianam,
1137 1314 1259 1353 cuius
1292 1326 1424 1367 quum
1454 1312 1661 1366 permulti
1691 1313 1779 1356 loci

326 1395 559 1450 insigniter
591 1391 746 1432 mutati
775 1405 801 1430 a
830 1403 898 1430 me
925 1391 1028 1441 sint,
1061 1391 1113 1431 de
1141 1388 1310 1431 duobus
1341 1398 1506 1432 tantum
1537 1391 1608 1433 hic
1638 1391 1784 1433 dicen·

327 1474 430 1515 dum
463 1480 555 1524 est,
585 1469 664 1512 ubi
692 1469 965 1512 coniecturas
996 1483 1022 1510 a
1051 1483 1120 1509 me
1145 1469 1242 1524 ipso
1271 1467 1411 1510 factas
1441 1483 1694 1526 persequor.

418 1666 491 1713 ipsi
526 1665 725 1707 excidisse,
762 1674 810 1698 an
833 1662 1080 1698 librariorum
1108 1662 1229 1697 errori
1251 1662 1379 1697 deberi
1400 1666 1529 1708 putem
1553 1662 1782 1708 perversita-

418 1733 509 1770 tem,
536 1739 612 1772 quae
638 1726 676 1760 in
703 1726 827 1760 verbis
852 1725 927 1763 illo,
946 1723 1157 1769 Ligarianae
1183 1725 1266 1759 loco
1286 1724 1516 1768 interpositis
1532 1723 1650 1759 inest:
1675 1724 1784 1769 pacis

423 1790 588 1833 equidem
613 1799 753 1833 semper
778 1791 907 1821 auctor
927 1785 1002 1827 fui,
1042 1786 1106 1818 secl
1130 1789 1205 1818 tum
1231 1797 1323 1819 sero,
1379 1785 1474 1819 Erat
1498 1786 1590 1819 enim
1615 1786 1781 1826 amentis,

421 1862 529 1895 quum
562 1850 679 1884 aciem
714 1849 877 1887 videres,
907 1858 1037 1891 pacem
1064 1847 1253 1891 cogitare‚·
1287 1851 1417 1891 aperte
1452 1846 1551 1880 enim
1584 1858 1646 1889 se,
1683 1848 1783 1892 quod

418 1911 575 1946 minime
600 1912 701 1952 vult,
740 1909 909 1944 amentia:
945 1912 1117 1950 accusat,
1157 1919 1226 1941 nec
1260 1907 1338 1941 haec
1373 1907 1566 1942 cavillatio
1592 1912 1668 1952 est,
1703 1908 1784 1950 sed,

421 1972 485 2018 qui
519 1973 565 2006 ad
602 1971 828 2006 sententiam
865 1970 1084 2012 attendunt,
1126 1969 1284 2013 plusque
1324 1980 1435 2013 quam
1465 1968 1617 2003 inanem
1650 1980 1784 2004 sonum

419 2034 614 2081 postulant
629 2060 637 2076 ‚
663 2033 717 2066 ita
744 2031 962 2076 intellig-cre
988 2034 1195 2077 coguntur3
1221 2040 1309 2063 nam
1333 2040 1423 2064 sane
1445 2031 1568 2072 fuisse
1591 2041 1631 2065 se
1653 2035 1784 2065 aucto·

422 2109 505 2132 rem
542 2095 645 2142 pacis
683 2093 795 2136 dicit,
831 2093 900 2127 etsi
932 2101 1037 2133 sero,
1071 2101 1115 2125 eo
1147 2094 1338 2137 tempore,
1376 2103 1450 2137 quo
1484 2091 1642 2126 amentis
1668 2090 1787 2127 fuerit

423 2169 557 2204 pacem
579 2156 757 2202 cogitare.
813 2153 887 2188 Sed
915 2163 983 2187 nec
1009 2153 1091 2187 ulla
1115 2157 1202 2187 sunt
1226 2154 1448 2198 corruptelae
1473 2152 1511 2187 in
1541 2153 1645 2187 codd.
1661 2177 1671 2195 ‚
1699 2163 1786 2187 ver·

419 2220 501 2258 bis,
529 2220 653 2252 forma
679 2214 858 2251 orationis
887 2213 1070 2260 vestigia,
1099 2217 1136 2248 et
1158 2213 1242 2247 fieri
1266 2214 1426 2248 fortasse
1451 2218 1584 2259 potest,
1610 2217 1652 2248 ut
1671 2213 1784 2247 fefel-

419 2279 510 2314 lerit
534 2279 673 2313 flumen
696 2278 899 2311 verborum
925 2279 1209 2319 persequentem
1233 2274 1358 2309 facilis
1377 2279 1415 2309 et
1433 2280 1564 2320 aperta
1580 2274 1783 2316 conclusio,

424 2352 503 2386 quae
549 2351 591 2372 ex
637 2338 695 2371 his
739 2336 864 2370 verbis
909 2335 1041 2367 oritur.
1115 2334 1189 2367 Sed
1222 2340 1366 2378 tamen,
1408 2347 1523 2378 quum
1559 2335 1702 2369 usitata
1736 2334 1786 2369 sit

419 2401 589 2436 formula
616 2410 658 2433 cx
682 2397 898 2443 quotidiano
917 2393 1095 2439 loquendi
1120 2394 1244 2436 medo,
1272 2399 1312 2428 ut
1327 2394 1488 2437 videtur,
1516 2401 1679 2440 sumpta,
1703 2407 1784 2430 sero

422 2467 488 2505 est,
516 2473 582 2507 pro
610 2472 667 2500 ee,
693 2459 791 2504 quod
819 2462 872 2492 est
897 2467 1029 2495 serum,
1057 2466 1130 2500 qua
1156 2466 1242 2489 usus
1268 2460 1323 2489 est
1348 2455 1478 2490 Cicero
1505 2456 1543 2490 in
1566 2457 1631 2502 Ep.
1649 2452 1695 2491 nd
1711 2459 1782 2502 Qu.

425 2525 549 2559 Fratr.
576 2523 613 2565 Ι,
638 2521 682 2563 2,
711 2533 740 2555 c.
767 2520 790 2555 3
810 2525 847 2555 et
867 2520 994 2555 Livius
1016 2519 1075 2561 23,
1095 2519 1155 2561 44,
1183 2518 1387 2564 legendum
1411 2517 1530 2552 videri
1556 2518 1694 2564 possit:
1721 2519 1786 2553 secl

422 2591 500 2621 tum
524 2596 605 2619 sero
639 2587 731 2618 crat.
797 2583 891 2616 Erat
925 2582 1017 2615 enim
1052 2585 1142 2622 etc.‚
1186 2580 1224 2614 id
1265 2583 1342 2622 est,
1379 2591 1506 2613 serum
1540 2584 1622 2614 erat
1653 2590 1785 2625 pacem

422 2648 581 2685 suadere
611 2650 647 2680 et
672 2644 839 2690 cogitare
851 2632 869 2686 3'
886 2643 1026 2688 itaque,
1053 2642 1117 2688 qui
1143 2653 1292 2688 semper
1318 2641 1433 2684 alias,
1460 2645 1540 2676 tum
1564 2651 1638 2676 non
1667 2641 1781 2676 suasi.

425 2710 535 2756 Quod
572 2707 757 2743 Patricius
800 2706 878 2740 hoec
920 2705 1037 2739 verba
1081 2703 1376 2749 interpretatur:
1413 2704 1478 2737 sed
1513 2703 1643 2742 scrius,
1678 2714 1785 2747 quam

425 2770 599 2815 oportuit,
626 2774 754 2804 auctor
772 2767 879 2813 pacis
897 2766 973 2810 fui,
1003 2765 1166 2812 primum
1199 2769 1273 2799 tum
1308 2764 1490 2811 negligit,
1530 2764 1663 2799 deinde
1689 2763 1786 2799 nihil

429 2832 552 2878 magis
587 2831 818 2867 contrarium
854 2827 1043 2864 Ciceronis
1076 2826 1192 2865 menti
1204 2852 1215 2872 7
1259 2826 1321 2873 qui
1356 2826 1555 2873 smpissime
1585 2825 1695 2868 dicit,
1736 2826 1783 2860 ab
1830 2838 1842 2850 ·

429 2894 538 2930 initio
563 2905 604 2930 so
629 2893 833 2931 concordio
857 2889 1053 2930 studuisse.
