1981 3390
430 186 464 236 6

367 307 489 349 xime
514 305 884 363 Virgilianorum,
930 307 1264 348 commentariis.
1336 305 1424 356 Qui
1457 305 1815 362 quemadmodum

368 385 454 427 sibi
483 386 774 441 persuaserit,
815 383 896 426 illo
925 393 1119 440 tempore
1148 385 1330 440 scriptos
1355 398 1450 425 esse
1480 398 1608 439 posse
1633 382 1818 425 libellos

367 461 495 513 illos,
561 470 637 504 aut
680 461 734 504 ab
775 462 927 504 eodem
965 462 1140 504 homine
1173 462 1226 503 de
1259 462 1412 503 eodem
1445 470 1701 518 argumento
1732 470 1820 503 tam

369 540 545 581 diversa
583 540 753 581 ratione
795 548 839 581 et
882 540 1007 594 copia
1045 548 1089 580 et
1136 539 1403 591 eruditione,
1461 548 1536 580 aut
1579 542 1625 581 in
1664 539 1821 595 quibus

371 617 761 658 Grammaticorum
795 625 838 657 et
868 618 1152 670 interpretum
1182 618 1354 672 scriptis
1388 630 1462 657 eas
1491 631 1588 669 res,
1652 631 1745 672 quae
1777 620 1823 658 in

371 694 440 735 his
468 694 724 749 fragmentis
757 700 880 743 sunt,
908 693 1044 732 fuisse
1078 694 1322 746 putaverit,
1352 696 1513 734 nescio.
1577 695 1635 735 Et
1662 703 1823 745 tamen,

374 771 489 826 quod
520 779 620 826 post
653 784 692 811 a.
725 771 835 811 1327
866 771 1027 825 scripta
1055 762 1301 825 fragmenta
1328 768 1408 810 illa
1439 771 1730 820 existimavit,
1778 774 1825 812 in

372 862 424 890 eo
456 856 574 890 recte
605 848 819 889 rationem
851 846 1004 888 habuit
1039 847 1275 903 fragmenti
1315 862 1342 888 a
1385 845 1536 889 Caelio
1576 847 1825 904 Rhodigino

371 927 519 981 positi.
608 925 653 967 Is
683 926 799 966 enim
839 924 1033 981 (Antiqq.
1058 924 1198 966 Lectt·
1228 924 1364 976 XIX,
1397 923 1468 980 lo)
1513 925 1604 967 haec
1633 928 1827 984 scripsit:

379 1002 643 1058 Quamquam
673 1003 769 1053 alei,
802 1002 916 1056 qaod
935 1001 1194 1044 Eecstathz'ecs
1223 1002 1390 1054 scribit,
1423 1017 1451 1043 a
1479 1002 1631 1044 Combe
1652 1005 1824 1059 puella,

379 1079 601 1123 Chalcidis
630 1085 934 1136 cognomento,
985 1082 1130 1136 Asopi
1142 1080 1278 1132 filia,
1334 1080 1440 1122 duce·
1469 1080 1720 1123 vocabulum
1741 1095 1825 1137 pu-

375 1164 485 1211 tant,
518 1163 593 1200 cm·
616 1171 748 1201 oeneae
780 1163 1014 1200 armaturoe
1047 1162 1338 1200 inventionem
1361 1157 1582 1213 accept‘am
1613 1158 1827 1210 referunt.

373 1236 445 1278 De
475 1250 561 1291 qua
591 1239 866 1278 intellexisse
896 1236 1094 1278 Ovidium
1127 1236 1400 1278 arbitrantur
1425 1236 1827 1291 metamorphoseon

374 1317 552 1368 septimo

496 1391 692 1433 Adiacet
721 1389 789 1431 leis
819 1390 1023 1441 Pleuron,
1054 1393 1102 1431 in
1131 1402 1216 1443 qua
1247 1389 1568 1443 trepidantibus·
1597 1392 1683 1432 alis

603 1465 762 1521 Ophias·
790 1467 952 1522 efficgit
979 1472 1177 1508 natorum
1209 1468 1391 1508 vulnera
1425 1466 1589 1508 Combe.

382 1543 519 1593 Quam
554 1543 735 1586 Iambeu
767 1546 994 1586 transtulit
1021 1545 1265 1596 lemdes,
1308 1549 1378 1586 uti
1399 1548 1591 1586 meminit
1625 1544 1830 1586 Coecz'lius·

375 1622 658 1665 Minutecmus
689 1610 974 1676 Apal'ez·us1).
1071 1623 1126 1663 Et
1161 1631 1306 1664 exstat
1334 1623 1378 1663 id
1412 1637 1570 1663 nomen
1608 1624 1653 1663 in
1689 1636 1830 1679 graeca

376 1699 568 1742 Maximi
594 1699 803 1741 Planudis
837 1700 1245 1758 metamorphoseon
1278 1702 1635 1756 interpretatione
1657 1715 1682 1741 a
1701 1699 1827 1742 Bois-

377 1779 557 1820 sonadio
598 1778 779 1819 Parisiis
823 1780 932 1819 1822
970 1779 1085 1819 edita
1133 1777 1228 1834 (lib.
1262 1778 1366 1829 VII,
1396 1776 1514 1834 383).
1603 1776 1831 1818 Maximus

377 1864 523 1897 autem
553 1855 769 1897 Planudes
797 1857 974 1896 ineunte
1007 1855 1164 1896 saeeulo
1192 1855 1323 1897 XIV.
1344 1857 1474 1906 vixit,
1503 1863 1547 1895 et
1578 1869 1691 1896 anno
1720 1856 1831 1897 1327

378 1935 433 1975 ad
460 1933 731 1975 Venetianos
759 1933 931 1989 legatus
964 1934 1122 1973 missus
1155 1941 1220 1973 est
1235 1933 1290 1987 2).
1370 1933 1442 1973 Ex
1480 1947 1564 1988 quo
1594 1932 1736 1975 facilis
1766 1942 1832 1975 est

378 2012 432 2053 de
465 2019 590 2052 aetate
623 2012 846 2066 scriptoris
883 2011 1283 2065 interpretationem
1326 2011 1418 2050 eius
1454 2013 1832 2053 commemorantis

380 2091 642 2131 coniectura.
737 2088 803 2129 Ac
830 2087 974 2129 Maius
1005 2089 1177 2143 quidem
1221 2095 1263 2128 et
1295 2086 1500 2128 Osannus
1538 2087 1695 2129 falsam
1720 2088 1832 2131 hanc

378 2166 561 2222 Apuleii
605 2167 1058 2208 commemorationem
1095 2173 1273 2221 putant3
1336 2165 1411 2204 scd
1454 2178 1596 2219 ‘quum
1639 2167 1734 2221 ipsa
1777 2167 1830 2207 de

380 2244 575 2286 Planude
604 2258 673 2285 res
701 2245 925 2285 verissime
960 2244 1116 2284 tradita
1147 2243 1228 2294 sit,
1290 2243 1334 2282 in
1372 2251 1548 2283 auctore
1590 2257 1641 2284 eo
1688 2245 1831 2285 minus

381 2321 588 2365 credibile
618 2331 684 2363 est
713 2321 910 2363 Caelium
941 2335 1123 2373 errasse,
1158 2320 1271 2377 quod
1300 2319 1437 2361 multa
1466 2320 1627 2362 similia
1657 2322 1711 2363 ad
1742 2336 1830 2378 my-

408 2435 446 2478 1)
475 2435 671 2480 Integrum
704 2434 829 2468 locum
867 2433 996 2478 posui,
1048 2437 1090 2468 ut
1125 2435 1343 2478 appareret,
1395 2443 1467 2467 non
1493 2432 1726 2478 probandam
1753 2444 1832 2469 csso

472 2495 567 2531 Maii
602 2495 722 2540 (proef.
760 2507 795 2540 p.
829 2495 996 2528 XXVIII.
1034 2495 1130 2538 not.)
1171 2494 1421 2539 suspicionem
1455 2495 1500 2528 de
1532 2494 1832 2540 interpunctione

469 2557 662 2592 mutanda.
722 2555 938 2589 Manuelem
964 2556 1172 2590 Planudcm
1198 2555 1254 2590 bis
1280 2557 1448 2602 appellat
1478 2557 1589 2591 Baehr
1613 2556 1708 2597 (119.
1736 2556 1831 2600 12⁰3

470 2617 552 2653 173.
578 2617 647 2652 174
671 2616 727 2650 cd.
753 2615 808 2658 2.)
843 2629 910 2662 pro
934 2617 1123 2659 Maximo,
1158 2629 1308 2660 errore,
1359 2628 1404 2652 nc
1430 2617 1512 2663 quis
1537 2617 1629 2652 duos
1659 2617 1828 2652 hominos

468 2689 492 2715 a
515 2678 622 2715 nobis
645 2677 822 2715 confundi
851 2681 967 2724 putet.

408 2743 446 2781 λ)
475 2740 558 2776 vid.
589 2752 680 2786 quos
704 2740 833 2775 laudat
861 2739 958 2775 Saxe
982 2740 1019 2774 in
1048 2739 1238 2777 Onomast.
1266 2740 1346 2783 lit,
1400 2740 1463 2786 qui
1488 2739 1587 2775 hunc
1612 2738 1734 2785 ipsum
1761 2750 1828 2775 an-

475 2814 561 2838 num
592 2801 769 2838 Planudis
798 2801 940 2837 nomini
969 2802 1178 2847 praeposuit.
