1981 3390
441 276 536 324 144

490 395 724 438 Proximus
755 395 939 436 occurrit
969 395 1116 447 locus,
1158 396 1231 452 qui
1262 401 1329 437 est
1360 394 1404 436 in
1442 393 1594 435 eadem
1619 392 1815 435 oratione

371 489 408 516 c.
439 475 482 525 6,
510 475 588 522 133
628 474 721 514 eius
762 472 852 513 haec
888 481 954 512 est
984 472 1163 528 vulgata
1194 474 1429 528 scriptura:
1472 469 1578 520 choe
1607 475 1711 511 nota
1739 469 1815 511 do-

371 554 558 593 mesticoe
588 549 870 603 turpitudinis
906 561 992 589 non
1023 553 1169 590 inusta
1193 553 1296 591 voe'toe
1326 555 1412 591 ταας
1443 550 1538 590 cst?
1582 547 1697 603 quod
1718 549 1814 602 pri·

372 634 567 670 valarnm
608 640 747 667 rerum
778 625 963 665 dedecus·
992 639 1077 666 non
1108 625 1244 667 kaeret
1281 626 1510 677 infumioe?
1552 625 1629 666 sed
1658 624 1710 666 de
1738 638 1816 680 po-

371 706 554 745 steriore
585 712 708 758 parte
735 701 968 743 verborum
991 702 1219 743 admodum
1238 703 1521 752 dissentiunt3
1551 717 1677 758 quam
1709 716 1817 743 non·-

373 780 481 821 nulli
508 780 636 835 plane
668 781 870 830 eiiciunt,
902 793 987 819 non
1020 780 1124 819 satis
1155 779 1363 833 gravibus
1396 782 1663 836 argumentis
1693 788 1817 820 uten—

372 867 453 899 tes.
531 857 643 898 Nam
697 858 811 913 quod
855 855 1043 898 similem
1092 865 1273 912 utraque
1312 858 1598 913 interrogatio
1643 870 1818 897 sensum

373 934 531 984 habet,
576 950 662 975 non
708 943 773 975 est
818 942 962 974 tamen
1004 935 1151 984 idem3
1200 933 1336 975 multa
1375 943 1474 975 sunt
1521 935 1635 977 enim
1673 948 1819 976 rerum

371 1015 639 1069 privatarum
677 1012 914 1063 dedecora,
956 1019 1004 1052 nt
1047 1026 1104 1052 aes
1135 1011 1352 1063 alienum,
1392 1013 1591 1064 fraudes,
1633 995 1818 1063 iniuriae,

374 1105 468 1146 quae
519 1090 574 1131 ad
615 1091 894 1130 domesticam
932 1089 1242 1143 turpitudinem
1285 1103 1371 1130 non
1410 1091 1642 1146 pertinent.
1713 1088 1818 1131 Alio

372 1168 500 1210 modo
548 1167 680 1222 paulo
726 1175 826 1222 post
871 1168 999 1207 ruina
1040 1166 1311 1208 fortunarum
1345 1176 1729 1219 commemoratur,
1771 1174 1821 1207 ut

374 1244 604 1286 difficultas
638 1245 876 1285 domestica
907 1244 1172 1284 ostendatur.
1233 1243 1334 1299 Ipse
1363 1254 1507 1285 orator
1540 1243 1672 1298 paulo
1704 1244 1820 1285 infra

368 1327 587 1377 privatum
619 1324 901 1376 ignominiam
941 1323 1167 1371 vitiorum,
1208 1329 1251 1361 et
1281 1321 1553 1361 domesticam
1587 1319 1820 1371 dffculta-

371 1407 454 1442 tem
486 1414 539 1440 ac
564 1399 873 1454 turpitudinem
907 1399 1148 1454 coniungit.
1213 1397 1502 1454 Nec'semper
1533 1397 1710 1448 Cicero,
1743 1396 1821 1439 ubi

372 1477 619 1537 huiusmodi
673 1475 1088 1531 interrogationibus
1127 1475 1423 1517 adversarium
1461 1485 1588 1531 urget
1620 1472 1696 1516 aut
1727 1489 1820 1517 rem

374 1563 643 1610 exaggerat,
673 1553 907 1609 diligenter
939 1566 1008 1594 res
1043 1553 1262 1593 discernit.
1325 1552 1520 1594 Retineri
1554 1561 1696 1594 autem
1727 1552 1819 1593 haec

374 1632 510 1675 verba
542 1631 700 1672 debent
743 1632 874 1672 etiam
906 1631 1208 1671 concinnitatis
1242 1632 1440 1671 oratoriae
1480 1645 1624 1671 causa.
1682 1629 1819 1678 Quat—

373 1720 472 1752 tuor
504 1710 620 1750 enim
659 1707 1073 1765 interrogationibus
1114 1706 1347 1748 Catilinam
1381 1716 1531 1763 urget,
1575 1706 1674 1758 (illa
1704 1708 1820 1747 enim

374 1788 480 1843 quid
505 1788 639 1829 vero?
684 1794 764 1827 etc.
809 1786 862 1826 ad
901 1800 1032 1826 unam
1071 1793 1232 1826 certam
1271 1800 1363 1826 rem
1397 1788 1597 1840 spectat,)
1639 1798 1820 1840 quarum

374 1865 487 1907 binae
521 1863 687 1906 si'miles
728 1872 828 1904 sunt
857 1864 998 1905 forma
1042 1871 1085 1904 et
1121 1862 1288 1903 ambitu
1320 1864 1554 1914 orationis,
1599 1862 1694 1903 duae
1723 1861 1821 1903 bre·

467 1982 546 2005 esse
571 1969 685 2014 possit
709 1971 836 2013 (nemo
862 1973 929 2011 est,
955 1967 1019 2013 qui
1042 1971 1147 2013 putet
1169 1971 1314 2003 tantum
1340 1969 1481 2011 abesse,
1506 1972 1548 2003 ut
1573 1979 1616 2002 ex
1639 1966 1824 2002 memoria

465 2032 701 2070 evellantur,
730 2034 770 2064 ut
795 2030 908 2064 etiam
935 2041 977 2063 ex
1007 2029 1113 2064 fastis
1139 2029 1325 2063 evellendi
1351 2029 1457 2073 sint).
1514 2029 1696 2063 Viderunt
1708 2028 1821 2063 huius

468 2092 660 2137 scriptura:
694 2091 982 2136 perversitatem
1022 2090 1182 2125 editores
1219 2091 1384 2124 Grutero
1420 2090 1630 2135 superiores
1665 2089 1822 2135 aliquot,

468 2155 532 2198 qui
558 2164 627 2185 non
649 2155 756 2195 putet
781 2152 1021 2197 scripserunt,
1045 2163 1123 2196 quae
1139 2151 1252 2185 lectio
1268 2163 1387 2196 nuper
1412 2162 1434 2185 a
1458 2151 1652 2186 Matthiae«)
1679 2149 1823 2185 adscita

468 2217 544 2253 cst3
571 2212 634 2245 sed
661 2223 727 2245 nec
753 2212 921 2246 excidere
948 2211 1062 2245 facile
1087 2212 1155 2245 illo
1181 2213 1265 2245 loco
1294 2212 1446 2257 negatio
1471 2211 1605 2257 potuit,
1635 2221 1703 2245 nec
1720 2213 1822 2244 recte

469 2272 645 2318 ponitur-3
674 2270 835 2315 pertinet
869 2271 967 2304 enim
993 2272 1038 2304 ad
1066 2275 1183 2304 totam
1213 2271 1504 2315 complexionem
1530 2259 1730 2305 verborum
1751 2281 1821 2303 non

468 2334 573 2367 modo
608 2343 650 2364 cx
680 2342 724 2364 m.
741 2353 752 2369 ‚
791 2341 818 2365 s.
852 2341 880 2363 e.
907 2341 935 2363 e.
954 2332 988 2371 f.
1017 2331 1222 2364 evellendos
1245 2334 1361 2374 putet.
1408 2331 1606 2364 Facillime
1632 2341 1675 2364 ac
1703 2330 1822 2364 veris-

467 2393 562 2429 sima
588 2391 798 2426 emendatio
826 2390 1030 2424 Garatonio
1056 2390 1092 2424 iu
1114 2395 1276 2424 mentem
1302 2395 1469 2432 venerat,
1494 2391 1557 2426 sed
1572 2390 1668 2425 miro
1683 2390 1822 2425 iudicio

468 2458 596 2500 spreta
634 2457 710 2493 cst,
747 2451 809 2496 qui
841 2451 938 2493 „nisi
976 2451 1095 2493 forte,
1133 2451 1320 2496 „inquit“‚
1356 2451 1436 2496 quis
1476 2451 1604 2493 malit,
1642 2452 1727 2495 quin
1751 2463 1822 2485 non

469 2515 593 2555 modo,
621 2513 716 2557 quod
744 2511 837 2546 mihi
862 2512 996 2545 durum
1023 2511 1211 2545 videtui-‚⁶⁶
1258 2511 1462 2545 Mirabitur
1490 2513 1648 2546 fortusse
1673 2512 1821 2557 aliquis,

470 2579 527 2610 tot
551 2574 773 2618 interpretes
804 2571 1001 2605 discrimen
1027 2572 1214 2606 scntcntiae
1232 2572 1364 2607 aientis
1381 2577 1417 2606 et
1431 2573 1601 2618 negantis
1626 2572 1822 2610 fefellisse.

471 2636 507 2670 Is
529 2635 648 2670 multo
674 2633 795 2679 magis
825 2632 1047 2674 mirabitur,
1083 2633 1149 2666 ubi
1188 2633 1225 2668 in
1262 2635 1393 2668 eadem
1429 2638 1523 2668 orat.
1560 2644 1628 2678 pro
1665 2632 1760 2667 sest.
1789 2645 1820 2668 c.

470 2695 530 2737 20,
557 2694 605 2729 46
628 2705 754 2728 omncs
789 2692 939 2728 omnino
975 2694 1136 2729 editores
1169 2699 1205 2729 ct
1237 2695 1459 2740 interpretes
1485 2695 1564 2729 sine
1595 2694 1675 2727 ulla
1700 2693 1822 2738 suspi-

473 2755 579 2790 cione
613 2754 650 2789 in
684 2756 766 2789 loco
804 2754 1036 2800 apertissimo
1068 2757 1307 2801 negationem
1332 2755 1528 2790 retinuisse
1554 2765 1621 2798 pro
1651 2753 1821 2788 affirma·

474 2816 576 2851 tione
611 2815 745 2850 viderit
773 2817 899 2859 (quam
933 2827 1002 2849 non
1029 2816 1068 2851 id
1102 2828 1170 2863 pro
1206 2828 1311 2864 quam
1352 2817 1420 2861 id).
1470 2816 1545 2852 Res
1569 2813 1822 2851 admonitione

475 2881 582 2924 eget,
611 2888 684 2914 non
709 2877 1036 2915 demonstratione.
