1981 3390
391 248 393 251 ·
409 235 509 281 234

342 350 599 407 populorum
633 349 896 391 civitatibus.
961 351 1026 392 Ae
1056 365 1108 391 ne
1139 350 1326 391 foederis
1361 347 1532 404 quidem
1563 346 1716 388 umbra
1745 357 1787 388 et

343 437 462 469 certa
510 428 702 468 condicio
757 428 938 482 parendi
992 425 1347 481 relinquebatur3
1400 433 1589 466 ceterum
1631 422 1789 464 militia

344 505 589 559 tributaque
621 519 706 544 non
739 506 879 543 minus
911 503 1216 558 exigebantur.
1292 502 1461 543 Deinde
1490 515 1567 554 pro
1602 501 1693 541 suis
1722 501 1788 540 in-

345 584 506 623 stitutis
544 579 802 635 legibusque
833 580 1017 620 Romani
1051 581 1156 618 iuris
1193 593 1294 619 usus
1326 577 1627 634 imponebatur
1660 584 1788 631 atque

346 660 399 699 ad
430 659 473 697 id
510 657 801 696 exercendum
845 657 1122 710 magistratus
1153 655 1373 695 Romanus
1407 659 1525 707 (nam
1559 655 1650 695 haec
1679 667 1787 708 prae-

344 736 606 776 fecturarum
636 734 758 786 origo
793 729 875 780 est)
900 732 963 784 ¹),
998 745 1082 787 quo
1115 740 1327 786 praesente
1363 733 1438 771 vix
1474 731 1787 786 oppidanarum

373 897 408 937 ²>
438 894 598 929 Romani
636 893 727 927 iuris
764 903 850 927 usus
886 893 1056 937 sequitur
1090 892 1279 926 civitatem
1314 892 1425 925 Rom.
1457 902 1529 924 non
1561 889 1683 924 minus
1716 889 1793 931 hic,

436 965 547 999 (piam
566 953 601 986 iu
626 953 669 987 iis
684 979 694 994 ,
721 953 780 997 qui
799 953 1022 997 sum-agium
1040 953 1228 996 accipiunt
1248 952 1332 994 (cfr.
1353 963 1434 996 sup.
1455 964 1489 996 p.
1515 951 1582 984 218
1607 952 1724 992 not.);
1758 954 1795 984 et

435 1020 564 1059 aperte
589 1024 740 1046 suarum
768 1014 896 1057 legum
931 1012 1119 1056 ademptio
1150 1016 1464 1045 commemoratur
1489 1011 1526 1044 in
1556 1010 1730 1044 Hernicis
1755 1010 1791 1043 in

436 1074 624 1108 civitatem
650 1072 807 1118 receptis
835 1084 856 1105 a
884 1071 962 1105 Liv.
993 1072 1065 1112 lx,
1103 1071 1159 1105 43.
1226 1072 1418 1105 Interdum
1450 1076 1573 1105 tamen
1600 1071 1792 1113 aliquanto

436 1139 518 1178 pest
553 1133 742 1167 civitatem
778 1133 903 1165 datam
938 1132 974 1164 in
1011 1135 1153 1164 certum
1192 1132 1362 1164 ordinem
1398 1131 1474 1164 lure
1510 1131 1793 1175 redigebantur.

438 1200 585 1241 Itaque,
612 1206 725 1239 quum
761 1192 959 1236 Campanis
995 1196 1030 1225 et
1060 1191 1274 1225 Antiatibus
1311 1192 1383 1224 boc
1416 1201 1533 1235 genus
1572 1189 1734 1222 civitatis
1759 1200 1792 1222 a.

436 1256 504 1290 338
530 1257 657 1288 datum
683 1257 777 1286 esset
802 1252 898 1293 (Liv.
930 1251 1037 1290 vm,
1064 1251 1126 1292 14)
1142 1275 1151 1291 ‚
1175 1261 1208 1284 a.
1236 1249 1304 1282 318
1328 1249 1455 1282 Livius
1482 1249 1563 1290 (lx,
1590 1247 1652 1289 2⁰)
1678 1249 1797 1284 refert

433 1317 631 1359 proesectos
662 1313 825 1355 Capuam
854 1311 972 1342 creari
997 1314 1165 1353 coeptos,
1195 1309 1337 1353 legibus
1366 1309 1410 1342 ab
1438 1309 1477 1341 L.
1505 1307 1614 1341 Furio
1637 1312 1796 1351 praetore

439 1376 536 1408 dacis
565 1375 667 1415 (nam
693 1372 744 1405 ita
768 1370 805 1404 in
827 1369 977 1414 optimis
1007 1369 1214 1413 quibusque
1234 1369 1339 1402 codd.
1365 1367 1530 1413 legitur,
1558 1367 1796 1412 exquisitiore

436 1445 582 1480 quoque
608 1430 788 1466 orationis
811 1434 1021 1470 structura,
1054 1441 1165 1474 quam
1190 1431 1337 1470 firmat,
1365 1429 1462 1473 quod
1487 1427 1624 1461 dicitur
1650 1427 1795 1460 colonos

443 1496 605 1538 Capuam
629 1493 786 1525 scribere
819 1495 855 1523 et
888 1489 1042 1533 similia)
1070 1494 1105 1523 et
1131 1490 1341 1523 Antiatibus
1375 1500 1533 1532 quoque,
1569 1488 1632 1531 qui
1656 1499 1694 1521 se
1718 1487 1796 1521 sine

435 1555 577 1598 legibus
603 1553 734 1589 cet-tls,
771 1551 849 1583 sine
879 1550 1158 1592 magistratibus
1195 1561 1309 1592 agere
1339 1552 1598 1592 quererentur,
1638 1548 1745 1580 datos
1770 1559 1793 1579 a

437 1618 565 1647 senatu
589 1614 636 1645 ad
662 1612 743 1644 iura
767 1610 961 1643 statuenda
984 1610 1099 1652 ipsius
1120 1609 1269 1642 colonz’oe
1291 1613 1478 1652 patronos.
1527 1607 1797 1651 (Intelligendn.

436 1675 513 1708 haec
540 1684 616 1706 esse
642 1672 687 1704 (le
713 1669 867 1710 ceteris,
904 1681 977 1713 ¹non
1005 1670 1050 1702 de
1077 1669 1217 1703 colonis
1249 1681 1291 1702 eo
1318 1680 1351 1703 a.
1381 1668 1448 1702 338
1483 1667 1670 1708 deductis,
1708 1667 1797 1700 satis

434 1738 560 1780 patet;
596 1731 743 1765 colonia
770 1730 867 1763 enim
895 1729 1068 1766 ordinata
1102 1734 1204 1770 erat,
1248 1741 1362 1773 quum
1400 1729 1559 1762 deducta
1586 1728 1668 1769 est).
1736 1728 1797 1761 ius

433 1795 552 1840 igitur
581 1792 726 1826 dicebat
760 1790 955 1835 praefectus
985 1790 1106 1822 Roma
1135 1789 1279 1824 missus.
1344 1790 1425 1822 Iam
1455 1789 1517 1833 qni
1557 1788 1797 1831 praefectura-

437 1867 520 1888 rum
544 1852 696 1886 nomina
721 1851 820 1895 apud
847 1851 998 1883 Festum
1035 1849 1260 1894 inspexerit,
1293 1849 1459 1893 reperiet
1500 1848 1636 1893 oppida
1670 1849 1795 1892 plera-

438 1927 531 1959 quc,
561 1923 718 1957 quorum
755 1910 886 1944 incolis
922 1909 1114 1944 civitatem
1142 1910 1221 1943 sine
1257 1908 1440 1953 suffragio
1478 1910 1605 1942 datam
1641 1912 1796 1948 constet,

444 1977 624 2017 Capuam,
656 1972 810 2011 Cumas,
836 1970 1061 2008 Suessulam,
1093 1970 1269 2008 Formias,
1298 1969 1444 2001 Fundos
1471 1968 1568 2011 (Liv.
1595 1968 1694 2009 vm,
1719 1968 1796 2010 11),

441 2037 596 2069 Acerras
636 2031 734 2073 (Liv.
762 2030 871 2071 VIII,
911 2030 998 2073 17),
1034 2031 1240 2074 Anagniam
1267 2029 1365 2071 (Liv.
1401 2029 1476 2069 lx,
1511 2027 1595 2070 43),
1622 2027 1798 2070 Arpinum

437 2095 534 2137 (Liv.
562 2094 619 2133 X,
650 2091 707 2133 1),
736 2090 863 2128 Reate,
895 2090 1070 2123 Nat-siam
1100 2090 1217 2131 (inter
1247 2090 1437 2129 Sabinos),
1466 2088 1627 2129 nullum,
1654 2088 1698 2120 de
1725 2098 1796 2131 quo

438 2151 668 2188 conti-arium
697 2153 850 2183 constet.
919 2149 992 2193 (De
1031 2150 1187 2184 coloniis
1218 2151 1361 2195 aliquot
1399 2149 1452 2182 ibi
1482 2147 1681 2182 nominatis
1710 2159 1795 2181 mox

437 2214 531 2247 ratio
559 2211 766 2251 reddetur).
828 2209 899 2242 Sed
928 2210 985 2244 his
1012 2211 1183 2244 omnibus
1210 2212 1298 2244 data
1323 2208 1505 2253 suffragia
1532 2212 1638 2248 sunt,
1667 2208 1795 2250 Capua

439 2280 474 2307 ct
510 2270 636 2317 paucis
671 2270 829 2302 fortasse
855 2269 939 2302 uilis
972 2271 1156 2313 exceptis,
1193 2272 1307 2314 longe
1344 2274 1430 2302 ante
1464 2268 1607 2301 bellum
1643 2266 1795 2307 sociate,

436 2339 477 2368 ut
503 2329 676 2365 Cumanis
714 2338 748 2362 a.
784 2327 854 2360 215
882 2329 976 2368 (Liv.
1015 2330 1166 2369 xxm,
1202 2329 1290 2371 31),
1328 2327 1536 2367 Fundanis,
1572 2326 1794 2367 Formianis,

435 2390 678 2437 Arpinatibus
716 2398 749 2421 a.
785 2386 852 2420 188
888 2387 982 2428 (biv.
1020 2388 1235 2427 xxxvtlt,
1272 2387 1342 2427 363
1379 2387 1423 2418 de
1456 2385 1669 2419 Atinatibus
1695 2385 1793 2420 idem

441 2457 544 2501 patet
577 2462 619 2483 ex
649 2449 722 2482 Cic.
758 2460 826 2492 pro
853 2448 983 2481 l’Iunc.
1011 2435 1096 2489 11),
1125 2452 1160 2480 et
1188 2446 1223 2479 iu
1250 2445 1421 2479 tribubus
1449 2446 1552 2478 locus
1583 2457 1791 2488 concessus,

439 2524 548 2560 quem
562 2511 658 2544 cives
671 2508 749 2541 sine
760 2506 956 2551 suffragio,
986 2512 1090 2540 extra,
1105 2518 1237 2552 corpus
1251 2506 1410 2539 civitatis
1425 2505 1546 2538 relicti
1560 2530 1569 2546 ‚
1593 2518 1662 2539 non
1677 2507 1793 2539 liube-

438 2577 550 2613 bnut,
576 2571 629 2604 ita
654 2573 695 2601 ut.
720 2569 796 2600 hoec
823 2567 959 2611 oppidu
980 2572 1107 2611 postea
1134 2565 1336 2610 municipia
1363 2569 1482 2598 essent
1509 2572 1545 2599 et
1569 2566 1794 2608 dicerentur,

437 2635 540 2669 velut
556 2629 736 2674 Arpinum
752 2628 846 2672 apud
869 2627 942 2660 Cic.
960 2628 1004 2660 de
1017 2629 1116 2671 legg.
1133 2628 1178 2668 11,
1203 2626 1237 2667 2,
1263 2625 1337 2658 aliu
1352 2625 1442 2658 alibi
1457 2636 1527 2658 non
1545 2637 1656 2667 raro;
1686 2635 1794 2670 (pi-a:-

439 2698 590 2728 I'ccturoe
621 2701 752 2723 nomen
777 2688 892 2721 habet
919 2687 993 2721 Cic.
1029 2700 1093 2731 pro
1123 2688 1250 2720 Plane.
1280 2687 1314 2726 8,
1341 2699 1406 2730 pro
1436 2687 1530 2720 Sesti
1558 2687 1616 2725 lt,
1643 2685 1700 2726 32,
1727 2699 1794 2730 pro

441 2757 480 2789 C.
517 2751 646 2787 Rubir.
675 2750 741 2792 (ad
772 2747 898 2792 Quir.)
933 2747 976 2788 8,
1011 2746 1083 2788 223
1123 2746 1238 2791 Epist.
1275 2748 1320 2780 :ul
1349 2749 1451 2781 Fam.
1490 2746 1602 2786 XIII,
1639 2745 1683 2778 11
1719 2758 1792 2780 nou

441 2818 538 2850 nete
566 2811 708 2853 citant).
767 2808 936 2843 Proesccti
975 2811 1097 2842 tumen
1135 2807 1296 2852 dignitus
1336 2807 1371 2841 in
1414 2806 1625 2851 municipiis
1660 2806 1791 2841 huius-
