1981 3390
393 224 494 274 358

450 341 499 383 C.
536 345 591 393 9,
631 345 685 383 19
715 341 989 384 scribendum
1023 342 1126 396 olim
1167 344 1264 384 dixi
1309 358 1370 384 ex
1416 343 1515 390 coll.
1554 345 1697 387 Haun.
1736 357 1778 389 et

333 419 401 459 ed.
433 417 661 460 Lambini:
692 419 797 473 quid
823 421 1020 473 putasti?
1052 423 1379 473 impetraturum
1412 423 1487 461 te?
1550 422 1789 477 Zumptius·

334 509 395 536 ex
422 493 773 549 Guelferbytanis
793 504 835 534 et
860 495 984 535 Leid.
1003 496 1140 537 dedit:
1170 501 1247 551 qui
1262 501 1438 551 putasti
1456 501 1780 552 impetraturum

333 572 407 612 te?
463 571 513 612 In
554 571 634 611 hac
667 585 753 611 una
792 572 1132 625 interrogatione
1169 587 1408 626 pronomen
1449 583 1647 616 extremo
1681 575 1778 617 loco

330 649 434 702 poni
458 661 542 687 non
566 654 724 699 potest,
751 647 795 685 in
821 645 900 685 illa
925 646 1086 700 duplici
1114 647 1266 696 debet;
1297 659 1339 689 et
1359 653 1539 691 accessit
1559 652 1613 692 ad
1632 652 1778 693 Haun.

332 731 488 777 praeter
506 723 798 762 Parisiensem
817 721 1073 762 Vaticanus.
1136 722 1282 778 Magis
1299 725 1643 779 improbandum,
1669 729 1782 783 quod

332 797 463 853 paulo
493 807 592 852 post
623 799 776 839 eodem
807 800 945 853 capite
973 798 1200 854 Zunnptius
1233 800 1386 842 edidit:
1414 815 1539 855 quam
1564 807 1779 845 minimum

335 879 397 915 sit
422 876 514 915 illis
546 879 770 929 temporis,
811 889 908 928 pro:
951 875 1043 915 dem
1086 877 1202 927 illis,
1239 876 1293 918 ob
1342 876 1783 933 Guelferbytanorum

336 952 660 999 auctoritatem3
690 966 789 992 nam
813 966 943 1006 quum
965 953 1010 992 in
1034 952 1288 1007 vulgaribus
1321 955 1377 994 sit
1408 954 1515 1004 dem,
1546 956 1591 996 in
1624 958 1785 1011 optimo

335 1029 458 1082 regio
495 1030 558 1078 (et
581 1028 719 1069 Paris.
752 1028 908 1077 altero)
938 1028 1065 1078 idem,
1097 1037 1216 1083 patet
1248 1030 1329 1070 hoc
1360 1029 1632 1072 levissimum
1664 1047 1784 1073 men-

337 1104 438 1144 dum
477 1105 522 1144 in
563 1105 761 1146 inferiori
798 1106 1037 1160 propagine
1077 1104 1271 1146 melioris
1310 1106 1488 1147 familiae
1536 1109 1620 1150 isto
1658 1109 1786 1150 modo

338 1188 577 1222 correctum
611 1195 722 1221 esse.

457 1257 507 1297 In
538 1273 573 1298 c.
604 1259 672 1308 15,
704 1259 774 1307 34,
805 1256 880 1297 ubi
910 1256 1074 1298 editur:
1115 1257 1198 1298 Est
1221 1257 1324 1298 boni
1344 1259 1517 1309 iudicis,
1546 1261 1697 1310 parvis
1727 1269 1786 1298 ea:

338 1333 464 1374 rebus
499 1337 789 1374 coniecturam
817 1332 982 1382 facere
1018 1338 1353 1390 um‘uscm'usque
1386 1340 1430 1375 et
1460 1334 1712 1388 cupiditatis
1745 1340 1790 1375 et

337 1414 684 1461 incontinentem,
725 1410 964 1451 tollendum
1008 1419 1123 1451 esset
1155 1411 1365 1452 bonorum
1398 1411 1606 1452 librorum
1641 1418 1787 1451 aueto-

337 1488 465 1528 ritate
495 1489 614 1542 prius
645 1494 701 1538 et,
736 1502 819 1543 quo
853 1488 996 1528 addito
1040 1487 1109 1528 hic
1150 1502 1236 1529 non
1276 1490 1417 1529 minus
1448 1502 1581 1542 prave
1611 1488 1788 1528 coniun-

338 1572 416 1604 ctae
447 1565 637 1605 notionis
667 1563 881 1606 vocabula
913 1564 1234 1615 distrahuntur,
1277 1579 1404 1619 quam
1436 1563 1787 1605 distrahebantur

339 1641 393 1681 ad
423 1641 504 1681 hoe
533 1649 702 1695 tempus
730 1641 882 1681 eodem
909 1641 1063 1681 mendo
1094 1645 1236 1681 mnam*
1264 1649 1306 1682 et
1339 1642 1471 1695 delegi
1496 1642 1540 1680 in
1565 1655 1599 1680 c.
1617 1641 1686 1690 23,
1715 1641 1786 1691 51,

342 1719 426 1758 nisi
463 1719 678 1772 gravioris
728 1718 871 1758 mendi
902 1706 1108 1772 'suspicio
1159 1732 1217 1757 ex
1259 1733 1311 1758 eo
1356 1725 1628 1767 nasceretur,
1675 1717 1789 1772 quod

343 1796 495 1848 optimi
527 1794 695 1835 codices
725 1794 888 1844 (Haun.
918 1793 1040 1844 coll.,
1079 1793 1392 1845 Par.,rGuelf.
1422 1796 1469 1845 2>
1511 1797 1789 1835 continentum

342 1870 527 1921 habent,
561 1870 704 1911 Guelf.
738 1871 758 1911 I
791 1879 934 1911 autem
968 1871 1537 1932 cupiditatis·continentiae.
1603 1870 1788 1921 Vereor,

342 1961 396 1988 ne
428 1947 498 1988 hic
531 1962 700 2003 quoque
731 1949 909 2002 antiqua
936 1947 1072 1988 lateat
1100 1947 1405 2004 ὃιττογραφιά,
1435 1947 1658 1988 simillima
1680 1949 1789 1999 eius,

343 2039 469 2080 quam
505 2039 635 2080 supra
666 2039 725 2065 ex
763 2024 822 2075 V,
852 2026 933 2075 42,
966 2026 1048 2064 108
1082 2023 1237 2065 tollere
1275 2034 1454 2066 conatus
1486 2039 1607 2076 sum,
1647 2026 1788 2080 sitque

342 2116 368 2142 a
401 2101 610 2142 Cicerone
643 2103 848 2156 scriptum
879 2105 1214 2156 uniuscuiusque
1246 2106 1523 2143 contoe'nenle'ae
1561 2101 1706 2157 (quam
1734 2103 1791 2142 sit

342 2178 609 2231 continens),
651 2178 704 2219 ab
745 2178 892 2233 aliquo
932 2186 1100 2228 autem,
1139 2180 1213 2233 qui
1250 2180 1292 2220 id
1336 2178 1539 2234 ambigue
1577 2179 1662 2220 dici
1702 2192 1789 2219 non

342 2255 720 2296 animadvertisset
760 2264 802 2296 et
839 2255 968 2310 plane
1009 2255 1263 2309 simpliciter
1304 2257 1349 2296 in
1372 2256 1568 2298 'Verrem
1611 2269 1790 2296 conver-

343 2331 515 2371 tendam
545 2334 802 2372 sententiam
833 2339 1028 2385 putaret,
1072 2331 1333 2387 adscriptum
1365 2333 1643 2385 cupiditatis,
1676 2331 1789 2385 quod

342 2407 496 2448 deinde
528 2408 572 2447 in
607 2415 858 2447 contextum
904 2407 965 2446 ita
1003 2409 1196 2456 venerit,
1242 2415 1288 2446 ut
1326 2409 1371 2448 in
1419 2407 1542 2447 bonis
1572 2407 1788 2462 plerisque

344 2485 574 2524 adderetur
607 2490 648 2524 ec
680 2485 760 2534 (ita
787 2492 833 2522 ut
861 2482 942 2522 hoc
977 2483 1148 2537 quidem
1181 2482 1276 2524 loco
1307 2485 1518 2539 integrior
1551 2486 1606 2524 sit
1640 2483 1788 2538 paullo

344 2559 488 2600 Guelf.
519 2559 584 2611 l),
614 2561 658 2600 in
690 2558 975 2600 deterioribus
1002 2559 1185 2600 ulterius
1225 2562 1406 2602 mutatio
1441 2562 1788 2617 progrederetur.

434 2681 545 2715 moda
570 2684 623 2715 est
647 2684 754 2716 recta
779 2681 898 2716 oratio
923 2680 1048 2715 Verris
1075 2682 1177 2725 quasi
1207 2683 1320 2716 verba
1343 2681 1602 2727 praecipientis,
1628 2683 1789 2717 sedtum

437 2753 509 2776 non
539 2745 669 2787 aptum
700 2741 774 2775 hoec
807 2743 936 2775 omnia.
1009 2743 1138 2787 ltuque
1166 2742 1368 2780 etiamnum
1400 2754 1441 2778 ex
1469 2743 1612 2778 vendita
1638 2743 1702 2778 ced
1731 2742 1790 2778 fn·

436 2801 608 2838 ciendum
634 2806 724 2848 puto
751 2800 897 2838 vendica
924 2812 1011 2837 csse.
