1981 3390
435 236 534 284 204

366 365 434 398 tur
473 357 676 412 proxima
714 368 741 397 α
767 342 945 397 &mances
987 364 1068 398 etc.
1143 356 1228 399 Sed
1264 358 1336 412 qui
1367 356 1598 398 attenderit
1626 354 1808 410 diligen-

365 435 474 484 tius,
507 435 719 489 reperiet,
760 441 935 488 propter
966 432 1057 474 haec
1084 435 1179 488 ipsa
1213 436 1256 475 in
1289 433 1586 488 superioribus
1621 432 1809 473 additam

365 510 625 565 aequalitatis
643 511 783 565 gratia
800 511 1165 563 praepositionem,
1184 510 1259 551 ubi
1270 511 1526 562 Vaticanus,
1545 525 1595 551 ea
1614 508 1809 559 exclusa,

364 587 558 627 dativum
586 586 717 626 habet
744 585 1088 639 (popeclarc'bns);
1119 602 1257 642 neque
1288 590 1402 628 enim
1427 589 1662 645 populares
1690 587 1809 626 cives

364 678 553 718 unquam
593 661 897 716 intelliguntur
946 663 1059 716 apud
1108 663 1288 705 Latinos
1328 663 1469 705 infimi
1512 673 1554 704 et
1593 664 1715 704 leves
1757 677 1807 703 ac

364 741 582 789 seditiosi,
617 741 689 793 qui
719 739 953 794 plaudant,
996 739 1071 779 sed
1101 741 1157 789 ii,
1203 742 1276 794 qui
1304 740 1423 795 plebi
1454 750 1497 781 et
1527 740 1685 795 populo
1715 739 1807 779 levi

363 818 477 872 grati
516 817 602 856 sint
635 815 870 870 et-quibus
911 816 1155 870 plaudatur.
1228 816 1380 872 Itaque
1428 816 1580 857 Cicero
1621 816 1807 856 alterum

361 894 541 949 plausus
574 906 711 948 genus
745 891 963 947 significat
990 908 1138 934 eorum
1161 893 1470 949 appellatione,
1489 894 1559 948 qui
1580 894 1807 948 accipiant,

363 985 423 1011 ex
464 985 547 1025 quo
593 969 723 1009 simul
763 969 1050 1025 intelligitur,
1095 986 1120 1011 a
1170 971 1326 1026 quibus
1367 971 1512 1019 detur-3
1554 971 1808 1025 contempsi,

360 1049 524 1102 inquit,
554 1061 723 1101 semper
753 1046 932 1101 plausus
963 1046 1119 1089 Clodio
1151 1048 1451 1103 similibusque
1483 1046 1729 1088 hominibus
1762 1047 1808 1087 in

358 1124 561 1180 populari
597 1126 736 1179 gratia
770 1138 817 1164 se
855 1124 1115 1165 iactantibus
1155 1140 1181 1166 a
1209 1124 1394 1165 sordidis
1425 1125 1730 1178 conductisque
1763 1131 1807 1163 et

360 1201 534 1242 levibus
562 1201 809 1241 hominibus
833 1202 977 1249 datos3
1005 1202 1117 1241 idem
1147 1201 1348 1255 plausum
1377 1201 1431 1242 ab
1462 1200 1663 1241 omnibus
1693 1201 1806 1241 ordi-

360 1278 488 1319 nibus
520 1280 581 1317 ita
615 1278 784 1326 datum,
834 1285 881 1317 ut
917 1276 987 1317 illi
1024 1277 1257 1333 populares
1292 1279 1422 1318 etiam
1455 1278 1650 1332 fugiant,
1695 1277 1805 1318 iudi·
1840 1314 1843 1317 ,

360 1357 473 1397 cium
505 1353 655 1409 populi
690 1362 807 1408 puto.

472 1430 541 1472 De
584 1430 828 1486 Philippica
870 1431 1060 1473 secunda
1093 1447 1230 1487 pauca
1266 1433 1429 1483 dicam,
1463 1434 1665 1488 quoniam
1701 1433 1807 1473 scri-

356 1518 494 1565 pturae
535 1523 560 1548 a
590 1523 657 1548 me
691 1517 873 1563 receptae
908 1510 999 1549 fere
1031 1511 1223 1550 rationes
1254 1509 1415 1550 habent
1445 1518 1615 1565 apertas
1649 1518 1721 1549 aut
1748 1508 1802 1549 ab

359 1586 459 1627 aliis
492 1586 717 1640 expositas
748 1594 822 1625 aut
850 1585 1118 1640 significatas
1149 1586 1320 1637 saltem,
1349 1601 1429 1627 nec
1452 1586 1585 1626 ullius
1611 1588 1676 1627 rei
1704 1584 1805 1626 sub-

356 1663 475 1704 tilius
506 1663 796 1718 exsequendae
831 1666 1099 1711 occasionem
1130 1664 1338 1719 praebent.
1401 1662 1554 1719 Neque
1591 1665 1732 1714 enim,
1757 1670 1805 1703 ut

356 1741 438 1782 hoc
475 1741 674 1795 exemplo
718 1749 837 1791 utar,
881 1742 993 1796 quod
1033 1744 1077 1782 in
1124 1757 1160 1782 c.
1187 1744 1238 1791 8,
1280 1744 1334 1781 19
1374 1740 1617 1796 improbavi
1647 1740 1806 1782 Orellii

354 1817 607 1860 lectionem:
634 1818 738 1859 Hoec
769 1825 816 1860 tu
844 1833 929 1859 uon
950 1825 1128 1873 propter
1151 1819 1379 1859 audacium
1411 1819 1520 1858 (licie
1553 1825 1638 1858 tam
1667 1822 1802 1871 impu-

356 1898 530 1947 denler,
563 1897 660 1946 sed,
694 1901 771 1952 qut·
800 1903 965 1938 tautam
997 1910 1137 1936 rerum
1170 1899 1501 1950 repugnantiam
1528 1909 1610 1936 uon
1637 1896 1801 1946 videas,

353 1975 469 2016 nillil
497 1973 697 2028 profeclo
738 1979 881 2028 sapis,
926 1982 1029 2030 puto
1078 1972 1307 2014 obscurum
1352 1987 1472 2024 esse,
1522 1975 1709 2028 primum
1753 1974 1800 2013 in

355 2053 485 2093 aliam
512 2053 771 2092 sententiam
798 2054 924 2093 exire
952 2051 1101 2102 verba,
1127 2066 1254 2106 quam
1284 2065 1376 2106 quae
1404 2050 1640 2106 flagitetur,
1670 2064 1801 2105 quum

357 2130 438 2171 hoc
468 2132 610 2184 ipsum
643 2145 719 2184 per
754 2144 801 2170 se
836 2129 1041 2170 affirmari
1073 2129 1242 2179 debeat,
1275 2129 1515 2169 Antonium
1545 2143 1630 2168 non
1654 2128 1811 2177 videre·

352 2222 494 2247 rerum
523 2210 883 2261 repugnantiam,
918 2217 959 2249 et
984 2217 1072 2248 tum
1107 2223 1165 2248 ex
1198 2221 1248 2247 eo
1279 2207 1372 2246 eius
1402 2205 1587 2246 stultitia
1619 2206 1794 2245 demon-

353 2285 501 2330 εἰναι-ῖς
530 2283 682 2323 deinde
717 2298 802 2323 non
832 2293 993 2324 rectam
1026 2298 1122 2323 esse
1156 2284 1416 2329 orationem3
1448 2297 1546 2322 nam
1576 2281 1689 2321 istud
1721 2284 1798 2335 qm'

353 2362 553 2402 adiuncto
573 2362 847 2401 coniunctivo
867 2374 1040 2401 causam
1059 2357 1291 2413 significat,
1324 2373 1377 2398 ex
1407 2373 1489 2414 qna
1513 2359 1614 2414 quid
1645 2372 1798 2413 sequa-

353 2449 420 2480 tur
452 2439 521 2489 (at
551 2441 647 2493 qul,
687 2442 842 2492 qnippe
873 2441 981 2492 qm),
1010 2446 1054 2477 ut
1087 2436 1168 2477 hoc
1197 2437 1384 2476 dicatur:
1417 2442 1488 2486 tec,
1519 2441 1569 2476 ut
1596 2439 1673 2490 qm!
1701 2441 1798 2476 Ian·

353 2523 439 2557 lam
471 2529 610 2556 rernm
641 2519 971 2569 repugncmlae'mn
1000 2528 1082 2555 uon
1113 2515 1289 2562 videas,
1318 2513 1432 2554 m'lee‘l
1454 2518 1595 2567 sapis,
1626 2528 1798 2568 permn-

355 2604 442 2636 tato
473 2593 566 2643 illo,
597 2593 707 2647 quod
740 2594 857 2646 prius
884 2603 964 2643 est,
999 2602 1039 2632 et
1074 2592 1167 2642 illo,
1201 2592 1311 2646 quod
1346 2591 1661 2640 secundarium,
1695 2605 1795 2640 non,

353 2682 394 2713 ut
429 2671 621 2713 Orellius
655 2679 798 2725 putat:
842 2685 965 2725 quum-
1001 2684 1082 2710 uon
1117 2693 1172 2700 —-
1205 2670 1353 2709 videas
1383 2671 1531 2719 (immo
1566 2669 1681 2723 qnod
1709 2681 1794 2707 uon

352 2776 402 2782 —-
448 2750 610 2802 vides),
662 2750 711 2790 id
748 2749 946 2803 pereclo
994 2752 1244 2801 argumenlo
1295 2752 1357 2786 es!
1397 2752 1439 2786 le
1483 2744 1595 2786 nihil
1629 2759 1793 2799 sapere.

350 2828 606 2870 Necessario
637 2828 770 2882 igitur
804 2827 928 2869 aliter
962 2825 1257 2880 disiungcudae
1288 2826 1510 2866 sentcntiae
1540 2830 1685 2872 erantg
1718 2822 1794 2864 sed
