1981 3390
1424 240 1516 288 167

145 355 212 397 Ne
243 370 321 411 per
351 368 397 396 te
428 356 599 410 quittem
640 354 782 394 locum
822 354 892 394 hic
928 352 1109 394 haberet
1147 355 1370 394 dedecoris
1410 362 1586 407 mentio,

147 445 278 487 quum
311 430 528 473 adverbiis
573 430 626 470 ud
665 444 760 471 eum
789 445 880 471 rem
923 438 1120 471 accurate
1154 429 1333 470 delectis
1374 432 1585 474 sactorum

142 508 328 556 foeditas
359 515 543 548 notetur.
604 506 754 562 Itaque
789 510 867 548 vix
901 521 1009 561 opus
1043 514 1108 547 est
1140 506 1264 556 addi,
1307 508 1383 547 sed
1426 509 1584 549 adden-

144 585 245 625 dum
273 593 440 634 tamen,
475 586 575 639 quia
604 584 800 639 plerique
826 586 1045 639 ignorant,
1075 587 1120 624 iu
1139 583 1324 625 dedecus
1339 583 1418 624 illo
1441 598 1586 633 sensu,

144 675 228 716 quo
247 660 382 716 vulgo
399 662 630 716 accipiunt,
662 662 837 702 omnino
860 675 886 701 a
906 659 1116 701 Cicerone
1137 661 1222 701 dici
1252 675 1340 701 non
1370 663 1589 713 potuisse;

142 738 359 778 recentior
401 745 467 778 est
510 739 625 778 enim
669 737 800 793 longe
850 739 887 777 is
941 737 1069 777 huius
1110 737 1430 792 praepositionis
1471 751 1588 787 usus,

146 828 231 869 quo
260 815 313 854 de
342 813 524 854 consilio
556 822 598 854 et
631 815 789 855 effectu
821 815 1003 854 actionis
1033 814 1212 864 dicitur,
1251 816 1345 868 ipso
1375 816 1464 864 rei,
1497 828 1590 868 qua:

147 889 352 940 efficitur,
386 892 560 930 nomine
595 891 810 931 adiuncto.
880 890 1095 943 Apertum
1129 898 1194 932 est
1222 891 1368 943 itaque
1395 892 1588 930 nomina-

146 974 233 1006 tam
263 967 399 1006 fuisse
431 966 513 1007 hoc
542 965 638 1006 loco
669 980 694 1007 a
721 965 929 1006 Cicerone
959 979 1077 1015 rem,
1112 979 1238 1019 quain
1267 965 1486 1006 Antonius
1518 966 1590 1006 lae-

141 1044 255 1082 aisse
267 1042 447 1090 dicatur3
477 1044 571 1082 eius
587 1050 730 1083 autem
745 1056 901 1082 nomen
917 1041 1125 1082 facillime
1141 1050 1183 1082 et
1196 1043 1435 1082 certissime
1448 1041 1591 1082 deleta

145 1118 329 1173 syllaba,
359 1132 452 1174 quae
482 1117 595 1159 male
619 1121 804 1174 repetita
827 1127 932 1168 erat,
960 1120 1132 1159 restitui
1158 1127 1328 1173 poterat
1344 1120 1408 1169 (m
1426 1119 1589 1172 decas),

144 1196 222 1246 Ei,
253 1197 366 1251 quod
396 1197 448 1236 de
477 1195 684 1250 loquendi
717 1210 797 1236 usu
827 1196 948 1245 dixi,
986 1196 1147 1236 frustra
1181 1203 1398 1250 opponent
1429 1210 1451 1235 e
1477 1195 1590 1236 lexi-

144 1273 207 1313 cis
231 1271 321 1313 Cic.
346 1287 424 1327 pro
449 1271 621 1312 Cluent.
642 1275 712 1322 66,
747 1273 853 1322 188,
880 1271 955 1312 ubi
984 1275 1031 1312 in
1048 1271 1246 1321 fann‘le‘oe
1270 1273 1428 1312 luctum
1447 1276 1591 1326 nupsit

145 1356 237 1397 est,
287 1349 332 1388 in
375 1348 602 1403 lugentem
655 1347 810 1402 (morte
861 1346 1068 1399 filiorum)
1119 1347 1331 1388 familiam
1377 1349 1592 1402 innupsit;

148 1426 294 1480 itaque
345 1425 514 1465 additur
565 1430 694 1478 alque
752 1427 800 1463 in
849 1427 1147 1477 privignorum
1192 1424 1352 1479 simus.
1439 1423 1592 1478 Longe

145 1510 292 1541 autem
322 1501 496 1541 diversa
535 1514 655 1550 esse,
701 1514 793 1554 quae
834 1499 966 1554 vulgo
1009 1515 1105 1541 cum
1155 1501 1222 1540 his
1263 1509 1592 1554 componuntur,

146 1576 315 1618 obsides
356 1580 556 1630 accipere
597 1580 643 1616 in
685 1577 877 1630 aliquid,
921 1589 1162 1629 sponsorem
1203 1590 1295 1616 esse
1329 1580 1376 1616 in
1411 1576 1593 1630 aliquid,

147 1661 253 1704 etc.,
284 1668 436 1695 omnes
468 1652 614 1693 facile.
641 1653 805 1694 vident.
869 1653 1064 1704 Primus,
1108 1654 1221 1707 quod
1263 1654 1530 1714 notaverim,
1571 1666 1593 1691 e

145 1743 287 1784 prosae
332 1732 540 1770 orationis
586 1729 867 1785 scriptoribus
906 1729 1027 1770 vell.
1067 1730 1233 1770 Patere.
1273 1729 1340 1778 II,
1383 1731 1437 1769 41
1481 1729 1595 1768 dixit

147 1805 242 1846 ce'bo
274 1810 322 1847 in
362 1811 519 1857 vitam,
568 1821 652 1848 non
696 1812 742 1848 in
780 1807 1041 1860 voluptutem
1086 1810 1175 1855 uti,
1221 1814 1264 1863 et
1308 1814 1373 1845 ter
1416 1809 1462 1845 ‘m
1501 1803 1593 1852 hoc,

143 1886 194 1923 in
235 1883 285 1923 id
332 1883 419 1934 (ll,
473 1886 542 1934 27,
584 1886 664 1934 41,
717 1885 845 1933 114),
898 1884 1011 1937 quod
1060 1884 1146 1923 iam
1203 1882 1317 1936 apud
1367 1880 1595 1921 Horatium

147 1967 214 1999 est
265 1959 420 2014 (Epod.
478 1960 638 2010 XVII,
708 1961 782 2008 63)
850 1968 893 1999 et
952 1959 1160 2000 Ovidium
1216 1958 1415 2007 (Metam.
1471 1955 1594 2002 Uli,

149 2034 306 2086 77)1);
357 2035 432 2075 sed
488 2035 757 2089 frequentius
815 2044 880 2075 est
924 2035 1006 2074 hoc
1045 2048 1182 2089 genus
1227 2033 1339 2087 apud
1386 2033 1595 2072 Senecam

148 2118 193 2150 et
223 2111 318 2151 eius
350 2109 560 2165 aequales,
613 2109 687 2149 ubi
718 2113 963 2165 superiores
992 2114 1061 2151 rei
1098 2111 1286 2150 alicuius
1320 2122 1452 2149 causa
1484 2109 1597 2148 dicc-

148 2185 278 2236 bant,
330 2194 376 2226 ut
427 2186 540 2241 apud
590 2187 745 2229 Senec.
794 2187 873 2240 Ep.
920 2188 1000 2236 86,
1051 2188 1096 2228 3:
1148 2192 1290 2226 lurres
1346 2189 1393 2225 iu
1435 2199 1595 2238 propec-

143 2263 379 2315 guaculum
409 2264 528 2303 ve‘lloe
560 2263 805 2312 subrectas,
853 2272 896 2304 et
937 2263 1048 2314 apud
1084 2263 1265 2303 eundem
1308 2261 1387 2315 Ep.
1420 2263 1515 2311 108,
1536 2264 1596 2301 ‘42

148 2339 255 2380 licet
282 2351 368 2379 non
398 2342 444 2380 ia
469 2338 549 2378 hoc
581 2343 774 2389 venert’t,
815 2348 858 2379 et
891 2339 943 2379 de
971 2337 1121 2378 Bcnef.
1155 2338 1234 2387 IV,
1280 2340 1332 2387 1,
1376 2339 1425 2378 1:
1468 2337 1598 2377 Inve-

148 2418 353 2466 niuntur,
383 2419 461 2470 qui
475 2415 654 2456 honesta
683 2420 730 2456 in
756 2415 989 2456 mercedem
1009 2416 1152 2455 colant
1168 2443 1179 2463 ‚
1209 2423 1252 2453 et
1282 2415 1393 2469 apud
1413 2413 1596 2462 Quintil.

149 2492 219 2542 X,
257 2493 312 2541 2,
351 2493 404 2532 2:
427 2492 656 2546 probatam
689 2496 983 2546 experimento
1021 2492 1233 2531 culturum
1268 2495 1315 2530 iu
1356 2492 1597 2544 aremfrilum

150 2571 401 2618 intuentur,
436 2578 479 2609 et
510 2569 623 2624 apud
655 2569 838 2610 eundem
873 2574 919 2610 ιἰι
947 2567 1027 2608 hoc
1061 2568 1141 2618 vl,
1173 2570 1223 2616 2,
1251 2569 1320 2617 27,
1352 2567 1433 2615 XI,
1459 2569 1500 2615 2,
1530 2567 1597 2605 51.

149 2642 264 2684 Hinc
300 2643 378 2685 illa
421 2654 546 2687 oetate
579 2650 626 2686 iu
671 2644 870 2687 honorem
913 2647 1102 2687 alicuius
1148 2643 1244 2684 fieri
1287 2644 1446 2684 dictum
1489 2655 1598 2689 esaar,

179 2807 217 2847 ι)
246 2807 327 2842 Vixi.
356 2809 497 2844 Ruhnk
522 2810 568 2844 ad
596 2810 689 2845 VcH.
719 2811 773 2848 11,
804 2811 845 2845 ⁴1
875 2822 908 2855 p.
936 2809 1017 2845 216.
