1981 3390
441 251 541 299 318

371 369 449 411 ille
483 369 625 421 (164>:
651 367 767 410 Nam
800 381 936 423 neque
966 370 1145 410 consilio
1176 369 1333 410 debent
1359 368 1538 410 tardata
1569 373 1745 420 morari,
1775 372 1818 410 in

371 446 492 487 nullo
525 454 590 486 est
623 446 767 500 codice
800 447 883 485 nisi
914 446 956 485 in
991 446 1252 501 apographis
1281 445 1427 486 Musei
1459 443 1727 496 Britannici,
1767 446 1821 486 de

371 538 552 579 quorum
594 524 849 562 auctoritate
895 522 994 561 hinc
1026 523 1231 563 iudicium
1275 522 1371 564 fieri
1401 530 1568 577 potest,
1611 530 1655 562 et
1687 536 1739 562 ne
1775 523 1820 562 in

372 601 561 654 antiquis
614 599 785 652 quidem
828 597 1091 637 editionibus
1136 598 1349 639 omnibus.
1429 598 1581 653 Itaque
1611 597 1732 639 locus
1760 600 1822 640 sic

372 679 560 732 scriptus
593 683 679 715 est:

483 795 729 852 Tempore,
760 808 843 850 quo
878 793 984 836 solis
1017 793 1280 850 pervolgant
1309 793 1485 850 fulgura
1515 794 1697 837 coelum.

482 949 575 992 Nec
604 951 840 1005 persectari
870 949 1104 1004 primordia
1138 948 1315 1003 singula
1347 963 1541 1004 quaeque,

482 1027 542 1069 Ut
575 1027 776 1077 videant,
810 1041 893 1081 qua
924 1026 1109 1081 quidque
1141 1034 1317 1081 geratur
1350 1040 1446 1066 cum
1476 1026 1660 1067 ratione.

370 1135 463 1177 Iam
490 1149 617 1176 nemo
647 1134 806 1176 leviter
837 1134 1082 1175 admonitus
1109 1147 1194 1174 non
1229 1135 1362 1184 videt,
1395 1148 1461 1185 ea,
1492 1148 1585 1190 quae
1616 1134 1684 1175 his
1715 1134 1820 1175 duo-

369 1212 451 1254 bus
481 1214 691 1253 extremis
725 1211 924 1252 versibus
962 1212 1259 1260 continentur,
1297 1213 1515 1265 pertinere
1556 1212 1609 1251 ad
1641 1212 1746 1251 deos
1779 1219 1822 1251 et

371 1291 425 1331 ad
453 1288 778 1330 describendam
795 1287 1008 1342 Epicureo
1037 1302 1156 1329 more
1186 1286 1398 1328 infinitam
1424 1286 1546 1328 illam
1577 1287 1822 1328 molestiam

370 1375 413 1407 et
443 1367 666 1420 indignam
697 1374 817 1406 tanta
846 1365 1072 1405 maiestate
1113 1378 1284 1414 curam,
1324 1377 1453 1419 quam
1494 1365 1705 1420 Epicurus
1744 1377 1820 1405 eos

370 1443 597 1484 habituros
619 1440 825 1493 docebat,
856 1442 890 1481 si
917 1442 1262 1482 immiscerentur
1279 1441 1643 1482 administrationi
1659 1442 1821 1482 mundi.

367 1520 512 1575 Atque
547 1521 627 1560 hoc
658 1522 798 1574 ipsum
832 1527 939 1569 erat,
971 1519 1083 1573 quod
1112 1520 1383 1573 praecessisse
1414 1517 1652 1558 clarissime
1677 1527 1822 1559 osten-

368 1597 529 1638 debant
570 1596 647 1637 illa
689 1598 733 1636 in
763 1597 962 1651 proximo
1005 1608 1159 1636 versu:
1210 1595 1274 1635 At
1316 1595 1487 1648 qnidam
1527 1601 1678 1636 contra
1717 1595 1817 1636 ltaec.

365 1674 492 1715 Patet
524 1675 674 1728 igitur,
705 1681 803 1713 ante
824 1671 911 1715 hosv
934 1685 1084 1712 versus
1116 1672 1332 1712 excidisse
1358 1672 1543 1712 fortasse
1567 1670 1707 1726 plura,
1742 1672 1818 1712 sed

368 1760 484 1793 certe
513 1751 655 1791 locum
691 1748 976 1804 complurium
1008 1762 1236 1798 versuum,
1275 1750 1319 1788 in
1362 1763 1445 1803 quo
1485 1757 1820 1790 commemorata

317 1822 319 1824 ’
366 1837 481 1870 esset
501 1815 643 1868 rerum
661 1829 782 1882 origo
803 1840 856 1867 ex
876 1824 955 1866 illo
986 1826 1164 1866 fortuito
1194 1834 1313 1866 motu
1348 1834 1390 1866 et
1417 1825 1548 1866 celeri
1573 1834 1815 1867 atomorum

367 1907 462 1947 sine
496 1905 644 1946 divino
685 1905 885 1953 numine,
929 1905 991 1943 ita
1030 1911 1078 1943 ut
1119 1904 1213 1942 eius
1252 1902 1338 1943 loci
1374 1917 1486 1944 nunc
1522 1903 1818 1944 tantummodo

368 1992 569 2024 extrema
611 1995 708 2037 pars
751 1982 953 2035 supersit.
1035 1979 1143 2020 Eam
1186 1978 1385 2021 lacunam
1436 1981 1582 2020 nescio
1624 1981 1719 2035 quis
1756 1981 1819 2021 ita

368 2061 568 2116 explevit
598 2058 768 2100 misello
800 2058 878 2098 illo
911 2072 1065 2108 versu,
1100 2066 1147 2097 ut
1177 2057 1230 2098 ad
1265 2066 1430 2098 atomos
1461 2057 1689 2105 traductis,
1724 2070 1817 2112 quae

368 2139 420 2179 de
452 2139 533 2178 diis
567 2138 679 2177 dicta
710 2145 848 2186 erant,
879 2134 1021 2175 locum
1052 2149 1171 2190 paene
1208 2136 1414 2185 omnium,
1447 2137 1519 2190 qui
1550 2135 1594 2174 in
1624 2134 1819 2175 Lucretii

365 2217 554 2257 carmine
590 2215 779 2268 corrupti
815 2227 893 2267 pro
932 2213 1050 2252 sanis
1094 2211 1323 2267 leguntur,
1364 2213 1680 2267 ineptissimum
1711 2212 1816 2251 effe-

367 2293 486 2332 cerit.
559 2290 825 2344 intelligitur
874 2298 1018 2330 autem
1064 2303 1200 2339 nunc,
1243 2291 1426 2344 repertis
1469 2288 1665 2343 reliquiis
1700 2288 1815 2327 initii

366 2368 493 2409 huius
523 2366 634 2415 loci,
680 2366 791 2420 quod
825 2367 1060 2405 maximam
1090 2373 1257 2419 partem
1288 2365 1530 2414 intercidit,
1565 2378 1692 2418 quam
1722 2366 1815 2406 ina-

364 2447 432 2486 nis
463 2446 519 2484 sit
545 2443 734 2497 suspicio
764 2440 993 2494 Fon-bigeri
1023 2443 1086 2491 (in
1117 2442 1286 2481 dissert.
1315 2441 1367 2481 de
1400 2440 1593 2482 Lucretii
1626 2443 1816 2482 carmine

365 2523 504 2578 (Lips.
532 2518 658 2574 1824)
697 2535 738 2574 p.
767 2518 857 2569 40‚)
900 2526 1036 2558 totum
1067 2517 1210 2559 locum
1242 2517 1550 2573 interpolatum
1582 2520 1815 2573 opinantis,

367 2601 478 2657 quod
518 2598 711 2639 Lucretii
754 2610 872 2637 more
925 2597 1113 2636 extremi
1156 2609 1308 2636 versus
1359 2598 1583 2647 (177-181)
1621 2597 1665 2636 in
1701 2594 1814 2636 libro

365 2680 514 2734 quinto
548 2676 770 2728 (196-200)
800 2681 1063 2727 repetuntur.
1121 2672 1212 2713 Iam
1245 2674 1338 2713 sive
1370 2675 1413 2713 in
1448 2673 1523 2714 illo
1557 2673 1718 2724 codice,
1755 2687 1810 2714 ex

367 2771 449 2812 quo
481 2755 614 2796 nostri
648 2751 848 2806 descripti
881 2758 1003 2801 sunt,
1035 2763 1133 2802 pars
1165 2750 1311 2806 aliqua
1341 2750 1433 2792 folii
1463 2753 1674 2806 perierat,
1715 2751 1810 2789 sive
