1981 3390
1441 252 1535 301 189

163 371 377 423 habeant,
408 380 454 412 ut
485 372 564 412 nit:
592 382 750 412 sanare
781 374 911 426 opem,
940 371 1121 424 placat-e
1141 368 1397 424 reipublic-a».
1463 370 1604 413 Nemo

157 450 343 504 ignorat,
373 461 499 503 qnam
527 460 641 501 saepe
672 447 763 488 haec
793 446 1082 488 membrorum
1115 448 1396 501 compositio,
1422 461 1515 501 quae
1543 461 1602 488 ex

158 525 304 581 aliqua
328 532 449 580 parte
480 525 695 564 contraria
724 525 836 574 sint,
867 523 1038 564 tui-bata
1071 525 1141 563 sit.

281 601 330 642 In
363 599 492 641 Catil.
525 600 590 640 lll
621 615 656 641 c.
682 601 735 651 5,
762 603 838 650 10,
871 600 944 641 ubi
974 609 1088 642 erat:
1133 600 1234 640 Tum
1273 597 1496 654 Cethegus,
1528 604 1604 653 qm?

151 678 302 731 paullo
335 683 437 718 ante
463 678 633 731 aliquid
663 683 805 717 tumen
838 677 891 717 de
915 678 1082 731 gladiis
1111 692 1164 717 ac
1196 681 1324 726 sicis,
1367 690 1457 731 qecoe
1487 675 1605 729 apud

154 757 292 808 ipsum
323 761 455 795 erant
481 754 778 809 deprehensae‚
810 755 1122 807 respondisset,
1157 768 1307 794 vei-uni
1341 767 1460 803 esse,
1489 753 1603 808 quod

156 833 201 872 in
234 831 402 872 duobus
435 832 556 873 codd.
584 832 836 881 Oxx.erat,
867 831 985 884 apud
1013 845 1071 880 se,
1105 830 1367 884 reliquoruw
1403 830 1604 870 ostende·

158 906 232 948 bat
254 909 490 958 dissensus,
524 923 652 963 quum
679 907 940 949 reflexivum
973 906 1233 947 insolentius
1265 908 1453 960 positum
1482 907 1604 945 varie

158 986 472 1039 corrigeretnr3
515 998 613 1024 nain
649 992 692 1025 et
732 987 867 1037 ipsum
911 991 953 1023 et
994 983 1116 1023 illum
1156 991 1198 1022 et
1237 996 1329 1023 enm
1365 982 1525 1036 legitur
1548 982 1603 1033 ¹).

155 1059 254 1101 Non
274 1059 460 1100 debebat
486 1060 556 1101 hic
584 1060 694 1101 illud
715 1062 861 1115 sperni
895 1059 948 1100 ab
980 1062 1060 1110 iis,
1093 1061 1165 1115 qui
1195 1074 1272 1115 pro
1303 1061 1411 1101 Sex.
1445 1058 1603 1100 Roscio

153 1139 206 1188 2,
247 1139 276 1178 6
315 1137 561 1178 ediderant:
608 1142 684 1192 qni
714 1152 759 1177 se
802 1138 894 1178 dies
925 1143 1154 1191 noctesque
1195 1138 1402 1177 stimulat.
1474 1135 1602 1176 Alios

155 1213 301 1264 locos,
335 1216 378 1255 in
409 1214 564 1269 quibus
593 1228 829 1269 pronomen
864 1214 1124 1254 reflexivum
1155 1216 1199 1254 in
1227 1213 1474 1255 huiusmodi
1507 1225 1605 1252 sen-

157 1292 304 1331 tentiis
338 1291 585 1330 indicativis
634 1292 821 1331 annexis
852 1293 1027 1344 ponitur
1059 1290 1244 1330 relatum
1275 1291 1327 1330 ad
1361 1289 1604 1330 subiectum

157 1369 374 1422 primariae
397 1368 622 1407 sententiae
642 1366 697 1407 ob
726 1367 1022 1408 confusionem
1043 1367 1255 1421 quandam
1275 1367 1501 1407 sententiae
1525 1367 1604 1406 iin-

157 1444 327 1500 plicatae
375 1458 424 1484 ac
469 1444 697 1498 pendentis
741 1452 783 1483 et
829 1456 1014 1484 annexae
1059 1458 1108 1484 ac
1150 1445 1380 1493 narrantis,
1424 1442 1605 1497 collegit

157 1520 471 1562 Ramshornius
522 1523 546 1570 ξ
589 1521 673 1559 157
709 1528 798 1560 not.
847 1522 870 1559 1
915 1519 941 1560 b
989 1528 1031 1560 et
1075 1535 1122 1570 c,
1163 1519 1319 1575 qulbus
1360 1519 1468 1559 addo
1515 1517 1606 1558 Cic.

156 1612 236 1652 pro
267 1597 440 1638 Cluent.
467 1598 518 1646 8,
550 1597 625 1636 25:
653 1595 740 1636 siba·
770 1609 860 1636 esse
886 1600 1152 1649 imperatum,
1179 1603 1229 1637 nt
1253 1597 1438 1636 Aurium
1469 1595 1604 1643 illum,

158 1678 235 1729 qui
280 1674 367 1714 sibi
407 1674 665 1714 delationem
717 1676 901 1713 nominis
947 1679 1211 1725 ostentarat,
1253 1672 1604 1727 proscribendum

160 1756 335 1792 curaret
350 1748 408 1804 2).

280 1827 331 1868 In
365 1826 557 1868 eiusdem
590 1834 698 1868 orat.
731 1841 765 1867 c.
799 1828 849 1877 ’7,
880 1830 935 1869 17
967 1827 1198 1868 edebatur:
1226 1839 1378 1881 meque
1419 1839 1496 1866 nos
1528 1837 1607 1865 vm·

161 1917 302 1959 quam,
332 1904 428 1944 dum
460 1904 539 1944 ille
567 1907 611 1943 in
632 1903 737 1944 vrbe
764 1903 898 1944 hostis
913 1903 1096 1953 fids-set,
1132 1907 1266 1944 tecutis
1284 1904 1498 1957 periculis
1519 1914 1606 1940 rem

154 1980 376 2034 publicam
410 1986 534 2020 tanta
564 1993 699 2032 pace,
729 1986 850 2020 tanto
880 1985 990 2029 olio,
1025 1986 1146 2020 lanio
1178 1981 1351 2019 silentio
1380 1978 1607 2017 liberasse-

162 2069 266 2096 ηοω.
338 2058 393 2096 1η
436 2070 520 2109 qua
551 2057 762 2109 scriptura
794 2064 859 2096 est
901 2056 1064 2110 aliquid
1096 2057 1191 2095 vitii
1232 2055 1307 2095 sed
1347 2054 1458 2108 quod
1498 2050 1608 2092 dissi-

163 2132 301 2172 culter
341 2133 566 2172 sentiatur.
651 2131 763 2172 Nam
816 2133 1061 2172 referuntur
1110 2131 1200 2171 haee
1253 2132 1304 2171 ad
1352 2129 1610 2184 hypothesin

163 2207 283 2248 illam
305 2211 597 2262 superiorein:
630 2196 670 2248 ἐι·
697 2209 889 2249 Catilina
912 2212 956 2248 ίιι
974 2209 1078 2249 urbe
1094 2207 1279 2248 adhunc
1310 2207 1419 2246 diem
1444 2219 1610 2246 reman-

164 2289 303 2326 sisset.
369 2284 519 2339 Itaque
542 2285 754 2339 particula
781 2285 894 2335 dunt,
925 2299 1018 2339 quae
1042 2286 1216 2324 omnino
1243 2282 1297 2324 ab
1329 2281 1612 2323 conditionali

166 2361 248 2403 hac
284 2362 500 2402 sententia
554 2360 780 2411 abhorret,
828 2369 871 2401 et
923 2362 1130 2402 universa
1168 2361 1375 2415 temporis
1419 2359 1613 2399 durantis

163 2441 283 2480 notio
326 2440 468 2480 minus
513 2447 615 2493 apta
647 2447 737 2489 est,
783 2440 1022 2493 praesertim
1056 2451 1184 2492 quum
1221 2451 1306 2478 non
1350 2436 1463 2482 dieat
1504 2448 1612 2476 nun-

166 2530 304 2571 quam,
339 2516 416 2556 sed
445 2529 660 2570 mmqnam
692 2521 817 2557 tanta
846 2529 981 2570 pace,
1025 2521 1147 2556 tanto
1174 2518 1285 2564 olio,
1325 2519 1446 2554 tanto
1469 2506 1610 2553 ‘silen-

194 2664 232 2705 ¹)
259 2663 443 2697 Gruterus
478 2666 515 2698 et
538 2662 742 2699 Steinmetz
766 2672 920 2697 suorum
950 2661 1121 2696 codicum
1151 2660 1330 2696 lectiones
1362 2670 1434 2694 non
1460 2658 1614 2693 adnota-

261 2725 361 2755 runt.

194 2780 235 2823 ²)
264 2780 340 2814 Cic.
355 2781 400 2814 de
409 2780 490 2815 Fin.
515 2782 564 2824 Π,
589 2782 636 2817 30
647 2808 656 2824 ,
681 2782 739 2825 97,
769 2787 987 2829 corruptum
998 2783 1138 2823 locum,
1165 2781 1228 2815 sed
1244 2792 1283 2814 cx
1297 2779 1423 2823 aliqua
1439 2780 1545 2823 parte
1558 2777 1615 2812 sa-

265 2838 405 2875 eillime
417 2841 637 2885 sanabilem,
648 2853 721 2879 non
736 2846 835 2879 recte
846 2844 922 2878 huc
936 2843 1076 2879 retulit.
1106 2842 1254 2885 (Refert
1265 2846 1395 2877 tamen,
1408 2838 1614 2882 quomodo).
