1981 3390
1486 264 1584 310 327

208 393 321 449 quod
354 391 414 434 ibi
450 399 516 433 est
543 402 628 430 non
657 388 812 434 saluum
843 394 886 427 et
919 386 1032 441 quod
1059 385 1113 426 ad
1144 383 1242 424 Lib.
1275 383 1308 433 l,
1341 384 1410 433 47,
1441 384 1652 422 122recte

205 471 386 521 eodem,
443 482 527 524 quo
570 479 652 521 ego
693 480 735 520 p.
777 465 883 515 116,
926 463 1054 504 modo
1093 461 1156 503 M.
1206 460 1458 502 Palicanum
1504 461 1652 512 (quem

205 547 364 588 frustra
397 552 439 585 et
472 551 621 584 contra
650 555 848 583 nummos
878 540 1133 594 codicesque
1163 537 1426 587 Quintiliani
1458 533 1653 577 Lollium

204 623 339 663 fuisse
373 622 551 675 negavi)
584 634 623 660 a.
653 621 751 669 683,
785 631 869 659 non
898 619 998 668 682,
1033 616 1252 658 tribunum
1283 616 1418 656 fuisse
1451 612 1654 662 ostendit,

201 711 283 753 ego
319 706 528 752 praeterea
575 699 637 751 (p.
683 699 783 747 117)
827 710 912 737 non
957 696 1095 746 hunc,
1141 694 1217 734 sed
1263 692 1396 733 alium
1438 689 1516 731 illo
1555 688 1652 730 loco

202 773 440 830 significari
478 775 599 824 dixi,
652 772 725 814 ubi
755 775 849 814 sine
884 773 1015 815 dubio
1045 786 1115 815 res
1145 787 1185 813 a.
1215 773 1298 811 680
1330 776 1477 824 gesta,
1511 766 1652 808 Verre

200 860 385 906 praetore
435 850 553 900 urb„
605 860 991 901 commemoretur,
1047 864 1174 905 quain
1224 848 1516 902 suspicionem
1566 846 1653 884 iam

204 927 431 969 confirmat
465 927 518 968 ab
552 930 645 982 ipso
683 927 888 982 Zumptio
921 929 966 968 in
999 926 1235 981 appendice
1270 925 1410 979 posita
1440 923 1653 976 scriptura

200 1007 359 1047 codicis
398 1005 669 1060 palimpsesti
697 1003 870 1054 Vatic.,
920 1017 980 1044 ex
1023 1003 1326 1058 antiquissima
1373 999 1652 1040 adnotatione

198 1091 296 1139 post
337 1081 536 1123 tribunus
561 1079 705 1134 plebis
736 1080 933 1121 addentis
970 1077 1188 1126 (luimus.
1255 1079 1299 1120 Is
1336 1087 1402 1120 est
1430 1077 1482 1119 L.
1515 1076 1654 1128 Quin·

198 1161 308 1210 tius,
347 1160 469 1200 cuius
508 1160 552 1199 in
591 1157 717 1199 illum
752 1159 895 1213 ipsum
929 1171 1089 1199 annum
1129 1156 1374 1198 tribunatus
1413 1155 1650 1198 vehemens

200 1245 242 1278 et
275 1235 496 1290 popularis
526 1236 704 1287 incidit,
747 1236 1000 1276 notissimus
1041 1249 1097 1276 ex
1139 1236 1335 1276 oratione
1376 1232 1652 1282 Cluentiana,

198 1312 364 1354 Verum
391 1313 473 1354 hoc
500 1321 636 1353 totum
661 1312 762 1353 leve
793 1321 873 1363 est,
905 1314 990 1353 nisi
1018 1312 1128 1367 quod
1164 1311 1347 1353 moleste
1381 1312 1489 1361 fero,
1521 1323 1653 1365 quum

201 1399 264 1430 tot
294 1389 407 1431 bona
441 1389 520 1431 illa
552 1390 684 1430 editio
718 1389 901 1440 habeat,
945 1390 1183 1430 desiderari
1223 1389 1411 1444 aliquid,
1456 1388 1569 1443 quod
1599 1387 1653 1428 ad

201 1468 295 1508 eius
327 1466 645 1508 absolutionem
675 1469 769 1522 ipse
799 1467 938 1507 editor
970 1466 1076 1507 mihi
1103 1467 1326 1508 additurus
1348 1467 1484 1507 fuisse
1507 1464 1654 1505 videa-

199 1551 294 1593 tur,
326 1545 410 1584 nisi
442 1552 516 1583 aut
550 1558 675 1585 casus
709 1553 783 1585 aut
815 1544 1149 1599 descriptionem
1179 1545 1420 1584 institutam
1451 1541 1654 1583 turbandi

200 1628 341 1661 metus
376 1618 640 1671 obstitisset,
684 1620 1072 1676 supplementaque
1113 1621 1289 1662 aliunde
1332 1620 1520 1675 petenda
1550 1633 1645 1659 esse

199 1698 372 1736 etiamsi
414 1711 439 1737 a
471 1711 538 1738 me
568 1700 662 1753 ipso
692 1707 908 1754 petantur.
979 1699 1066 1740 Sed
1097 1708 1196 1740 sunt
1228 1698 1316 1740 alia
1347 1697 1567 1753 quaedam,
1601 1696 1653 1737 de

199 1772 355 1828 quibus
386 1775 429 1814 in
463 1774 529 1815 his
558 1775 774 1830 prioribus
804 1774 930 1816 libris
965 1790 990 1816 a
1018 1776 1221 1831 Zumptio
1250 1779 1455 1817 universe
1485 1775 1651 1815 dissen-

197 1851 259 1891 tio
288 1852 475 1905 (priores
508 1852 603 1892 dico
632 1851 844 1902 Divinat.,
876 1852 975 1893 Act.
1007 1852 1043 1903 I,
1063 1854 1173 1895 ‘Act.
1206 1853 1262 1893 ll.
1293 1852 1372 1893 lib.
1405 1852 1449 1900 1;
1481 1866 1579 1892 nam
1608 1853 1654 1892 in

199 1927 370 1978 mediis,
398 1927 440 1968 II
465 1937 507 1969 et
537 1928 617 1978 Ill,
654 1932 916 1983 paucissima
948 1931 1105 1971 addere
1135 1929 1347 1984 possum),
1380 1945 1438 1970 ex
1473 1944 1556 1983 quo
1588 1929 1652 1969 fa-

199 2011 313 2044 ctum
350 2013 441 2054 est,
487 2014 562 2055 ut,
603 2005 703 2046 licet
744 2006 814 2047 hic
855 2020 1024 2061 quoque
1067 2009 1110 2047 in
1149 2007 1296 2047 multis
1334 2021 1394 2047 ex
1439 2008 1494 2046 iis
1528 2005 1653 2055 locis,

199 2094 307 2134 quos
333 2083 588 2136 attigeram,
627 2084 833 2133 eandem,
868 2098 995 2138 quam
1028 2099 1109 2139 ego
1141 2084 1394 2139 probaram,
1438 2084 1651 2124 rationem

198 2166 474 2212 sequeretur,
517 2168 658 2200 tamen
702 2162 859 2216 saepius
904 2162 1119 2203 diversam
1160 2170 1353 2210 teneret,
1408 2170 1497 2201 tum
1539 2160 1651 2201 alios

200 2248 370 2289 quoque
396 2236 629 2278 nonnullos
661 2237 779 2278 locos
807 2237 950 2289 aliter,
978 2249 1106 2294 atque
1138 2240 1380 2294 oportuisse
1397 2238 1541 2288 credo,
1566 2247 1650 2279 tra-

202 2313 416 2363 ctaret1).
491 2312 557 2355 De
587 2313 668 2355 hac
698 2329 743 2356 re
773 2318 1015 2370 generatim
1048 2317 1119 2359 hic
1145 2330 1369 2372 exponere
1397 2317 1537 2356 visum
1571 2324 1651 2366 est,

222 2442 261 2484 ¹)
288 2442 370 2475 Uno
400 2442 549 2486 quidem
574 2443 658 2478 loco
678 2455 762 2485 ‚non
791 2448 868 2480 tam
895 2446 1089 2489 dissensit,
1125 2458 1237 2492 quam
1269 2445 1392 2480 minus
1417 2445 1526 2478 firme
1551 2444 1649 2479 veri-

292 2506 408 2536 tatem
435 2502 628 2538 inventam
658 2505 800 2548 tenuit,
833 2507 872 2547 Ι,
906 2507 975 2549 50,
1013 2508 1103 2549 130,
1138 2507 1226 2548 ubi,
1265 2507 1362 2551 quod
1389 2517 1458 2550 ego
1485 2505 1560 2539 dixi
1587 2507 1651 2548 (de

288 2561 447 2596 Asconio
473 2576 508 2608 p.
536 2563 605 2597 102
630 2567 728 2607 not.)
755 2568 870 2601 verba
897 2568 1042 2613 aliquot
1064 2568 1260 2608 excidisse,
1297 2566 1375 2610 ipse
1403 2578 1504 2611 paene
1529 2566 1650 2611 suspi-

287 2627 419 2663 catur,
445 2623 514 2657 nisi
544 2631 789 2660 verumtamen
814 2629 861 2663 sit
885 2636 1003 2664 semet
1025 2630 1147 2674 ipsum
1174 2633 1257 2674 post
1281 2626 1460 2661 orationis
1486 2626 1652 2659 interru-

287 2682 452 2727 ptionem
479 2686 697 2720 revocantis.
754 2689 876 2733 Atque
902 2690 1015 2724 aliter
1044 2701 1134 2724 sanc
1161 2688 1323 2733 intelligi
1360 2687 1428 2720 illa
1461 2686 1650 2731 particula

289 2753 361 2776 non
388 2742 522 2784 dcb0t3
547 2747 610 2779 sed
639 2747 870 2791 orationem,
898 2754 938 2784 nt
967 2762 1066 2785 nunc
1092 2751 1254 2796 legitur,
1278 2760 1354 2782 non
1382 2758 1460 2780 esse
1485 2747 1649 2781 interru-

286 2806 389 2846 ptam
419 2814 487 2837 nec
514 2805 714 2850 quidquam
738 2809 853 2843 alieni
878 2809 1161 2856 interpositum,
1200 2821 1307 2844 nemo
1341 2819 1413 2841 non
1451 2807 1575 2847 videt»
1613 2813 1648 2842 ct

287 2862 357 2896 hoc
389 2869 442 2898 cst
469 2864 588 2909 ipsum
620 2865 796 2903 indicium
824 2870 976 2905 lacunoe.
1046 2873 1140 2907 Nam
1168 2882 1212 2905 nc
1238 2869 1317 2914 quis
1345 2869 1472 2903 credat
1497 2868 1647 2903 Cicero-
