1981 3390
396 220 496 267 226

331 343 507 388 tionem,
528 337 806 390 magistratus
832 335 1052 390 quosdam.
1119 334 1382 377 Colonorum
1407 348 1646 388 numerum,
1666 352 1769 393 quo-

331 419 446 457 niam
487 423 529 456 et
561 414 799 468 antiquitus
828 418 1014 454 {receati
1051 415 1208 468 saepius
1240 415 1360 454 missi
1392 414 1591 454 dicuntur
1622 422 1665 455 et
1695 429 1771 470 po·

330 503 448 544 stoa,
479 498 687 534 renovato
721 490 914 530 colonias
944 491 1103 530 civium
1134 491 1331 531 mittendi
1360 505 1503 539 more,
1545 491 1658 531 idem
1693 505 1771 532 nu·

331 586 472 612 merus
502 571 658 610 missus
690 568 735 606 in
768 565 913 620 plures
947 574 1012 606 est
1034 564 1090 621 1),
1124 569 1291 607 ratione
1317 568 1460 622 aliqua
1478 569 1527 608 ad
1548 570 1769 622 antiquam

328 647 480 703 populi
510 644 694 686 Romani
728 641 1076 682 distributionem
1114 645 1158 682 in
1193 646 1333 684 curias
1364 646 1645 695 convenisse,
1683 660 1768 685 non

329 724 523 779 negarim
561 719 669 774 (Cfr.
711 718 839 760 Niob.
879 718 921 758 II
952 734 994 773 p.
1021 720 1137 770 261).
1194 719 1293 760 Iure
1330 729 1472 761 autem
1504 721 1769 763 Niebuhrius

330 802 534 843 observat
564 796 649 854 (ΙΙ,
690 795 789 849 52),
820 784 863 835 in
907 795 974 836 his
1018 797 1329 850 antiquissimis
1370 796 1553 837 coloniis
1590 798 1769 840 coloniae

330 892 485 921 nomen
522 875 695 931 proprie
736 874 996 927 pertinuisse
1043 881 1208 913 tantum
1244 874 1297 914 ad
1339 883 1507 915 coetum
1547 874 1769 916 hominum

329 957 633 1002 deductorum,
682 965 707 991 a
741 949 960 991 veteribus
998 950 1152 991 incolis
1184 952 1228 990 in
1270 960 1391 1004 parte
1425 953 1520 1005 agri
1552 961 1595 992 et
1624 952 1772 1007 oppidi

329 1033 491 1074 relictis
529 1037 768 1078 secretum,
823 1029 951 1082 idque
992 1036 1147 1083 prseter
1188 1026 1462 1067 definitiones
1505 1028 1769 1070 coloniarum

329 1112 564 1165 sequuntur
593 1107 719 1146 etiam
745 1104 1016 1160 aliquatenus
1039 1104 1228 1144 historiae
1254 1106 1499 1160 scriptores,
1530 1108 1599 1160 qui
1624 1121 1771 1161 quam-

331 1202 456 1243 quam
490 1184 647 1241 oppida
676 1185 879 1223 universe
914 1181 1106 1222 colonias
1140 1181 1387 1235 appellant,
1421 1191 1563 1223 tamen
1598 1184 1769 1223 colonos

330 1279 352 1305 a
386 1263 541 1304 ceteris
573 1260 728 1300 incolis
757 1273 869 1313 saepe
903 1259 1174 1311 distinguunt
1207 1257 1268 1311 (v.
1286 1272 1321 1298 c.
1338 1258 1518 1312 Dion5s.
1537 1259 1663 1309 VIII,
1695 1261 1769 1300 14:

327 1341 401 1383 ἰπὶ
434 1337 658 1394 Κιρκαίαν
692 1331 853 1384 πόλιν,
888 1337 936 1376 ἐν
968 1325 997 1392 ᾗ
1030 1333 1259 1389 κληροῦχοι
1284 1333 1508 1389 Ρωμαίων
1531 1329 1646 1389 ἦσαν
1671 1332 1770 1392 ἅμα

327 1427 421 1465 τοῖς
450 1413 698 1471 ἐπιχωρίοις
727 1407 1108 1467 πολιτευόμενοι.)
1166 1410 1277 1452 Nam
1302 1426 1395 1466 quac
1425 1412 1568 1453 nullos
1592 1412 1772 1454 haberet

326 1503 498 1535 veteres
515 1491 695 1540 incolas,
712 1492 824 1530 inter
844 1489 921 1529 has
939 1490 1136 1542 antiquas
1152 1502 1235 1528 una
1254 1499 1610 1530 commemoratur
1630 1489 1770 1539 Ostia,

326 1572 542 1613 maritima
576 1568 645 1622 (de
679 1580 761 1623 quo
804 1580 963 1621 genere
994 1564 1123 1620 paulo
1159 1572 1254 1619 post
1285 1563 1468 1619 dicam),
1513 1566 1564 1605 ad
1598 1565 1767 1606 Ancum

326 1648 539 1690 Marcium
559 1659 645 1685 non
662 1644 953 1693 deductorem,
969 1642 1044 1682 sed
1061 1641 1325 1682 conditorem
1344 1641 1480 1682 relata
1500 1642 1616 1693 (Liv.
1637 1642 1673 1693 1,
1699 1644 1768 1682 33.

420 1793 474 1835 (a.
500 1789 587 1831 418)
614 1787 739 1822 Livius
763 1785 893 1820 scribit
922 1786 1004 1829 (lv,
1032 1786 1108 1828 47).
1160 1784 1232 1819 Sed
1258 1784 1461 1819 Satricanis
1487 1787 1539 1828 (a.
1569 1786 1655 1829 384)
1680 1786 1769 1820 bina

417 1853 551 1896 iugera
577 1853 612 1882 et
638 1847 806 1881 semisses
832 1847 1037 1890 assignatos
1064 1845 1177 1878 tradit
1202 1846 1283 1888 (VI,
1308 1845 1384 1887 16).
1434 1845 1570 1879 Postea
1587 1846 1769 1879 Parmen-

417 1923 474 1945 ses
500 1913 656 1950 octona,
687 1907 916 1941 Mutinenses
943 1905 1054 1950 quina
1072 1905 1204 1949 iugera
1222 1909 1445 1948 acceperunt
1465 1906 1517 1947 (a.
1537 1904 1637 1949 183).
1686 1905 1766 1938 Liv.

417 1971 598 2010 xxxix,
624 1968 681 2003 55.
747 1968 789 2001 A.
817 1967 886 2000 395
909 1966 1036 1999 Livius
1062 1967 1124 2008 (V,
1150 1964 1213 2007 24)
1241 1965 1438 1998 consitium
1464 1970 1614 2009 captum
1640 1969 1771 1998 narrat

418 2030 640 2064 deducendae
663 2028 701 2061 in
726 2028 881 2062 Volscos
907 2026 1058 2060 coloniae
1073 2051 1083 2067 ,
1109 2025 1146 2058 in
1165 2035 1238 2070 qua
1255 2028 1360 2058 terna
1375 2024 1508 2068 iugera
1524 2028 1770 2068 etscptunces

414 2093 606 2125 darentur.

353 2153 389 2196 ¹)
416 2153 622 2187 Trecentos
646 2149 799 2194 Dionys.
827 2149 902 2191 (11,
937 2147 994 2182 35.
1022 2147 1070 2188 11,
1094 2145 1158 2189 53)
1189 2144 1376 2188 Coeuhms,
1410 2145 1632 2187 Antemmm,
1659 2145 1770 2179 ride-

415 2223 481 2245 nas
508 2211 635 2245 missos
669 2212 819 2249 narrat3
853 2209 1006 2242 totidem
1039 2218 1073 2241 a·
1105 2206 1175 2239 329
1211 2216 1242 2239 a.
1271 2205 1336 2239 Ch.
1365 2205 1493 2239 Anxur
1519 2206 1646 2240 Livius
1672 2205 1768 2247 (vll,

416 2271 493 2312 21),
518 2271 673 2304 totidem
699 2280 733 2302 a.
766 2268 834 2301 191
864 2267 1039 2309 (consilio
1065 2271 1171 2310 capto
1199 2277 1231 2299 a.
1257 2266 1343 2307 197)
1376 2266 1622 2304 Vulturnum,
1648 2264 1770 2297 Liter-

416 2342 519 2373 num,
545 2330 734 2368 Puteolos,
761 2328 975 2366 Salernum,
1001 2327 1214 2358 Buxentum
1240 2325 1409 2366 (XXXII,
1434 2324 1493 2362 29,
1519 2324 1685 2364 XXXIV,
1712 2323 1767 2357 45.

420 2390 497 2424 cfr.
519 2389 626 2424 Nicb.
655 2389 701 2428 ΙΙ,
729 2387 801 2427 55).
852 2387 997 2419 Tamen
1029 2388 1065 2417 et
1089 2384 1244 2417 Luvicos
1270 2393 1302 2416 n.
1327 2382 1396 2417 418
1420 2382 1546 2416 Livius
1571 2383 1662 2425 (vid.
1689 2387 1766 2418 not.

416 2462 520 2496 prox.
550 2449 651 2493 sup.)
677 2447 783 2480 mille
812 2445 1032 2490 quingentos
1058 2443 1221 2483 colonos,
1247 2442 1308 2486 qui
1325 2442 1423 2476 cives
1449 2444 1620 2478 videntur
1639 2443 1766 2483 fuisse,

415 2511 546 2545 missos
571 2508 721 2549 scribit,
750 2511 785 2540 ct
811 2517 845 2539 a.
873 2505 940 2538 382
965 2503 1151 2538 Satricum
1179 2503 1252 2536 duo
1279 2502 1400 2536 millia
1424 2503 1583 2545 civium,
1610 2502 1672 2547 qni
1697 2514 1765 2536 nu-

415 2582 541 2606 merus
567 2573 676 2614 potea
703 2570 754 2610 (a.
790 2565 874 2608 183)
900 2563 1168 2599 Mutinensium
1203 2566 1239 2596 et
1261 2563 1518 2597 Parmensium
1545 2564 1766 2597 colonorum

418 2631 554 2665 civium
582 2629 665 2662 suit.
716 2628 788 2661 Sed
814 2627 890 2659 boec
918 2625 963 2658 ad
990 2624 1058 2657 ina
1086 2628 1255 2667 tempora
1281 2634 1352 2655 uon
1389 2623 1593 2667 pertinent,
1631 2623 1764 2668 quibu·

415 2690 595 2735 vigebant
620 2687 750 2728 curioe,
790 2691 826 2720 ct
851 2686 896 2719 ad
925 2684 1040 2717 uliam
1067 2684 1226 2717 formam
1255 2683 1498 2718 coloniarum.
1555 2683 1763 2724 Plutarchi,

414 2751 477 2794 qui
503 2749 662 2782 Fidenas
688 2759 710 2782 a
733 2747 896 2781 Romulo
924 2745 1039 2778 MMD
1066 2745 1218 2779 colonos
1246 2742 1375 2779 missos
1405 2743 1533 2779 scribit
1565 2745 1692 2786 (Rom.
1731 2755 1760 2777 c.

415 2810 492 2853 23),
515 2810 596 2844 iure
622 2809 718 2846 ratio
747 2820 818 2843 non
848 2805 1020 2841 habetur.

1963 2115 1971 2389 >ss-——---—0‚...--.
