1981 3390
504 387 574 429 45.
632 383 951 440 Spoletium
990 388 1034 427 in
1074 383 1256 428 Umbria
1287 385 1473 426 triennio
1512 391 1610 437 post
1642 382 1838 425 Brundu-

627 465 739 503 sium
784 462 921 517 (Vell.
953 462 1053 503 coll.
1086 463 1185 503 Liv.
1227 477 1293 515 ep.
1322 459 1463 517 XX),
1504 461 1684 511 Latina,
1726 463 1840 501 inter

629 541 684 578 18
715 538 835 588 (coll.
861 552 989 589 supra
1014 553 1056 590 p.
1083 541 1200 588 268).

513 615 564 670 †)
633 615 948 655 Valentiam
981 613 1155 653 biennio
1181 621 1278 665 post
1299 614 1523 654 deductam
1541 612 1689 653 scribit
1704 611 1842 662 vell„

632 704 843 742 nusquam
885 688 990 737 alibi
1025 691 1312 735 nominatam,
1354 704 1433 730 nec
1469 691 1513 729 in
1549 688 1658 729 belli
1688 689 1840 729 Punici

632 765 830 806 historia.
904 764 1011 812 Quae
1051 766 1089 804 si
1139 765 1230 805 ulla
1268 766 1350 805 fuit
1389 765 1562 805 diversa
1601 780 1626 805 a
1667 764 1842 805 Vibone

628 841 737 893 (vid.
769 842 926 892 infra),
958 855 1036 881 nec
1067 855 1127 880 ex
1157 840 1411 881 confusione
1452 849 1547 880 orta
1586 848 1674 890 est,
1714 843 1839 895 iguo-

629 917 709 957 bili
745 918 901 970 oppido
940 920 985 958 in
1019 917 1224 959 Calabria
1261 918 1466 970 imposita
1511 925 1554 958 et
1592 931 1699 958 mox
1738 916 1839 957 sub-

525 1032 528 1033 .
630 994 720 1036 lata
756 1003 837 1036 est.

397 1075 467 1115 46.
506 1073 576 1115 47.
640 1071 904 1111 Cremona
934 1078 977 1111 et
1005 1070 1307 1111 Placentia
1337 1071 1382 1110 in
1415 1069 1562 1110 Gallia
1593 1070 1646 1110 ad
1678 1069 1844 1110 Padum

582 1194 586 1199 ¹
632 1163 672 1189 a.
701 1149 784 1188 218
814 1146 1018 1187 Cornelio
1056 1154 1099 1186 et
1137 1148 1392 1198 Sempronio
1431 1160 1541 1186 coss.
1583 1147 1761 1199 (Ascon.
1792 1147 1847 1187 ad

631 1223 722 1265 Cic.
765 1225 811 1264 in
853 1224 999 1264 Pison.
1039 1224 1157 1272 init„
1199 1222 1350 1276 Polyb.
1392 1222 1483 1272 III,
1529 1224 1609 1273 40,
1653 1224 1704 1272 3,
1745 1222 1845 1264 Liv.

629 1302 730 1351 epit.
759 1300 887 1349 XX.)
912 1299 978 1351 ¹),
1017 1298 1209 1348 Latinae,
1239 1299 1462 1340 Placentia
1495 1298 1687 1339 Asconio
1721 1306 1846 1349 teste,

628 1385 809 1429 utraque
841 1377 954 1416 inter
972 1377 1040 1415 18.
1098 1374 1242 1423 Quum
1267 1374 1496 1416 Gallorum
1525 1375 1847 1415 incursionibus

630 1454 785 1493 attrita:
812 1460 957 1492 essent
988 1451 1104 1501 (Liv.
1133 1451 1334 1502 XXVII,
1368 1453 1434 1500 ll,
1463 1450 1646 1500 XXXI,
1679 1453 1746 1501 lo,
1775 1453 1847 1502 21)

629 1544 669 1571 a.
712 1530 794 1570 190
837 1541 920 1569 sex
966 1528 1106 1568 millia
1144 1528 1407 1569 familiarum
1453 1543 1478 1567 a
1522 1528 1760 1569 triumviris
1793 1541 1846 1569 eo

630 1605 813 1645 deducta
843 1612 956 1643 sunt.
1028 1603 1127 1644 Liv.
1161 1602 1420 1652 XXXVII,
1452 1605 1522 1642 46.

502 1683 571 1722 48.
628 1681 803 1733 Pyrgi
846 1680 1106 1722 in-Etruria
1157 1681 1321 1721 incerto
1373 1693 1485 1722 anno
1533 1687 1632 1720 ante
1677 1678 1843 1721 bellum

627 1758 780 1798 Punic.
812 1771 923 1807 sec.,
953 1759 1169 1798 maritima
1200 1757 1358 1797 civium
1389 1758 1537 1808 (supra
1565 1770 1608 1808 p.
1634 1757 1752 1810 265).

500 1815 570 1878 49.
633 1834 835 1876 Castra
873 1835 1038 1875 incerto
1082 1833 1206 1884 loco,
1247 1833 1322 1873 sed
1355 1833 1540 1873 fortasse
1570 1834 1614 1875 in
1644 1831 1843 1884 Bruttiis,

628 1926 666 1952 a.
701 1912 804 1960 199,
835 1912 1071 1961 maritima,
1105 1919 1151 1951 ut
1185 1910 1378 1960 videtur,
1408 1910 1568 1952 civium
1589 1907 1651 1962 2).

419 2074 456 2115 ¹)
484 2071 575 2112 llis,
609 2082 681 2103 non
709 2069 896 2113 prioribus
923 2082 1038 2113 coss.,
1075 2070 1253 2105 deductas
1278 2072 1402 2106 media
1425 2074 1573 2113 aestate,
1609 2068 1846 2105 Placentiam

488 2133 573 2166 Kal.
611 2133 714 2171 1un.,
750 2131 891 2164 ostendi
928 2131 964 2164 iu
999 2131 1093 2176 App.
1130 2132 1210 2166 crit.
1245 2132 1337 2176 disp.
1367 2133 1412 2165 de
1437 2133 1569 2165 Ascon.
1596 2143 1631 2175 p.
1653 2129 1699 2163 20
1724 2132 1760 2162 et
1785 2127 1848 2161 21.

489 2192 598 2236 Quod
624 2191 802 2224 Asconius
828 2191 1023 2224 tradidisse
1048 2197 1223 2236 putatur,
1248 2193 1345 2225 hanc
1370 2192 1556 2225 coloniam
1582 2187 1847 2234 quiuquagesi-

486 2262 588 2285 mam
615 2251 763 2284 tertiam
794 2252 992 2285 deductam
1019 2264 1121 2293 esse,
1157 2253 1193 2286 in
1229 2264 1302 2297 quo
1335 2252 1506 2296 Heynius
1536 2256 1573 2284 et
1598 2250 1663 2284 alii
1692 2250 1845 2288 haerent,

487 2310 525 2343 in
550 2321 593 2344 eo
613 2310 707 2343 nihil
732 2310 937 2344 adiumenti
961 2317 1027 2345 aut
1054 2312 1309 2355 impedimenti
1337 2311 1546 2354 quaestionis
1574 2310 1733 2354 positum
1762 2318 1845 2341 cre-

491 2370 564 2411 det,
591 2370 654 2413 qui
675 2370 824 2403 Asconii
849 2374 991 2403 textum
1015 2382 1057 2404 ox
1086 2382 1159 2405 una
1183 2371 1353 2415 principe
1377 2370 1538 2405 editione
1561 2369 1846 2414 corruptissima

490 2431 653 2474 pendere
683 2428 791 2462 norit.

420 2491 458 2534 ²)
486 2489 612 2523 Livius
644 2489 807 2529 xxxn,
840 2489 883 2522 7:
928 2488 1101 2523 Censores
1141 2489 1182 2521 P.
1220 2488 1407 2522 Cornelius
1432 2489 1553 2532 Sc1‘p1'o
1582 2489 1783 2530 Africanus
1811 2494 1845 2522 et

489 2549 533 2583 P.
567 2548 683 2582 AElofus
722 2549 846 2582 Paetus
880 2552 1046 2594 portoria
1081 2549 1259 2582 venalium
1297 2550 1431 2593 Capuae
1464 2549 1721 2593 Puteolisqne,
1761 2549 1846 2582 item

492 2611 703 2644 Castrorum
726 2610 949 2652 portorium,
977 2622 1044 2653 quo
1074 2611 1109 2642 in
1135 2611 1213 2642 loco
1239 2622 1333 2642 nunc
1357 2611 1527 2653 oppidum
1554 2614 1621 2649 est,
1641 2610 1842 2652 fruendum

490 2673 677 2708 locarunt,
704 2669 918 2713 colonosque
953 2681 992 2702 co
1028 2674 1206 2703 trecentos
1245 2670 1295 2712 (is
1333 2671 1424 2702 enim
1457 2681 1625 2703 uumerus
1652 2670 1793 2712 finitus
1821 2681 1844 2702 a

490 2721 618 2765 seinata
635 2731 1035 2773 crnt)adscr1'pscrunc.
1085 2731 1138 2763 Ex
1158 2730 1229 2764 hoc
1251 2731 1332 2764 loco
1347 2742 1368 2763 a
1394 2731 1549 2775 Sigonio
1578 2731 1652 2773 (Dc
1679 2717 1753 2762 ειήι.
1771 2729 1841 2764 iur.

487 2792 572 2825 ltal.
597 2790 654 2831 11,
678 2790 720 2833 5)
754 2790 850 2824 inter
884 2790 1050 2824 colonias
1082 2791 1182 2823 male
1210 2791 1370 2824 rolatum
1401 2803 1479 2824 csse
1513 2791 1681 2824 Castrum
1707 2789 1838 2822 Porto-

492 2853 606 2887 re‘um.
634 2861 741 2885 nemo
767 2861 839 2886 non
869 2850 991 2892 viden
1019 2852 1082 2885 sed
1112 2851 1296 2887 colonium
1325 2850 1360 2886 in
1387 2852 1536 2890 locum,
1561 2850 1625 2896 qui
1646 2854 1733 2885 tunc
1757 2850 1838 2895 qui-
