1981 3390
1445 206 1544 255 497

152 333 246 385 psit
286 349 339 362 —
375 341 456 383 pro
500 327 752 376 Telamone,
795 327 1041 368 coniectura
1095 333 1238 367 {arinen
1284 325 1475 378 infelici,
1523 341 1608 369 non

160 406 301 447 solum
331 407 483 448 audaci
513 415 555 446 ct
585 403 802 451 violentam
843 417 984 458 neque
1024 403 1139 444 enim
1171 416 1250 458 pro
1288 417 1501 458 quoquam
1532 405 1612 445 At-

160 486 245 525 tius
264 484 459 538 ‘sci-ipsit.
547 481 737 522 Omnino
772 481 959 522 hominis
990 494 1146 521 nomen
1178 479 1262 521 huo
1291 494 1377 521 non
1407 482 1611 535 pertinet.

160 562 245 603 Sed
286 558 392 600 nihil
438 557 611 599 facilius
656 560 873 600 certiusve
912 558 1133 599 emendari
1170 566 1340 613 potcst3
1383 571 1482 599 nam
1524 572 1612 599 una

155 636 282 677 litera
318 644 482 677 mutata
516 634 585 677 fit:
615 640 793 690 scripsit
824 636 1132 676 disertisscnms
1158 642 1288 690 poeta
1313 649 1396 690 pro
1427 650 1487 685 re,
1520 640 1614 690 egit

143 713 420 763 fortissimus
450 719 572 754 actor
601 737 658 744 --
691 714 745 755 de
778 728 863 762 me;
900 714 941 754 id
975 723 1065 765 est,
1101 723 1198 767 apte
1230 714 1282 755 ad
1315 728 1431 765 rom,
1463 714 1515 754 ad
1552 714 1610 765 id,

159 791 271 847 quod
305 793 574 847 propositum
608 800 700 833 erat
734 799 776 831 et
808 793 850 831 in
884 790 1095 832 manibus.
1159 791 1264 832 Haec
1294 791 1464 832 demum
1497 806 1611 833 com-

158 869 285 910 mode
314 883 398 910 non
433 871 527 910 sine
560 869 746 924 quodam
778 868 874 909 lusu
907 870 951 908 in
985 882 1092 908 sono
1128 868 1261 908 simili
1293 871 1406 909 inter
1437 883 1483 909 se
1512 883 1612 910 con-

156 948 286 986 trarie
315 946 575 987 referuntur.
636 946 722 986 Pro
753 958 802 984 re
833 944 959 997 (nach
977 943 1331 986 Beschaffenheit
1363 946 1438 986 der
1456 945 1613 996 Sache,

155 1023 231 1064 des
263 1023 620 1079 Gegenstandes,
659 1023 735 1064 der
773 1020 1031 1075 Umstzinde)
1077 1023 1226 1064 eodem
1261 1024 1389 1064 modo
1421 1026 1612 1078 positum

156 1109 223 1143 est
251 1101 365 1156 apud
394 1101 569 1141 Livium
597 1099 709 1150 VII,
741 1101 796 1140 33
827 1102 944 1151 init„
978 1100 1156 1142 Sallust.
1185 1100 1388 1155 jugurth.
1416 1102 1471 1141 50
1502 1100 1612 1157 (54),

157 1177 267 1220 Caes.
304 1177 354 1219 Β.
394 1177 512 1219 Gall.
553 1178 612 1229 V,
658 1180 711 1228 8,
754 1177 916 1233 virgil.
958 1178 1061 1220 AEn.
1102 1178 1182 1229 IV,
1223 1180 1321 1228 3:37,
1364 1193 1442 1219 nec
1483 1178 1611 1221 aliter

157 1257 392 1308 accipietur
436 1257 547 1311 apud
587 1255 749 1297 Ascon.
792 1270 959 1312 argum.
1002 1264 1110 1296 orat.
1154 1257 1198 1296 in
1243 1254 1357 1311 Tog.
1402 1255 1537 1297 Cand.
1568 1272 1610 1312 p.

157 1335 240 1374 109
268 1333 396 1385 Hot.,
441 1335 477 1373 si
524 1332 645 1374 locus
675 1347 806 1374 sanus
853 1343 941 1382 est3
990 1333 1089 1374 hinc
1121 1318 1282 1375 factum
1312 1348 1391 1387 pro
1425 1347 1473 1374 re
1504 1340 1611 1376 nala

157 1409 230 1465 (ad
264 1411 397 1452 Attio.
433 1410 545 1461 VII,
583 1412 635 1462 8,
668 1411 797 1461 XIV,
838 1412 942 1462 6¹).
1018 1411 1137 1452 Idem
1176 1425 1353 1466 prorsus
1393 1412 1612 1464 mendum,

157 1489 270 1543 quod
301 1489 414 1529 hunc
444 1487 668 1530 Ciceronis
698 1488 867 1540 locum,
897 1489 1055 1530 insedit
1085 1491 1212 1530 etiam
1243 1488 1394 1529 Ovidii
1423 1489 1523 1530 Am·
1552 1489 1611 1541 ΙΙ,

153 1568 195 1616 9,
226 1568 266 1617 1,
303 1564 378 1606 ubi
410 1574 527 1606 recte
560 1565 833 1608 Burmannus
868 1566 1114 1622 corrigebat
1151 1580 1231 1620 pro
1263 1580 1334 1616 re,
1373 1567 1449 1607 sed
1480 1567 1611 1609 simul

155 1657 233 1698 pro
266 1643 510 1698 indignate,
545 1643 677 1698 (quod
707 1657 882 1685 sensum
912 1658 996 1685 non
1030 1643 1186 1694 habet,
1218 1645 1301 1684 nisi
1330 1646 1505 1699 passive
1540 1659 1610 1686 ac-

158 1720 342 1773 cipiatur
374 1728 522 1760 contra
554 1734 678 1760 usum
711 1720 943 1776 loquendi,
984 1723 1068 1762 etsi
1112 1720 1183 1762 vel
1224 1723 1287 1762 sic
1319 1722 1509 1763 futurum
1543 1737 1610 1762 re-

157 1795 385 1853 quiratur,)
416 1810 494 1850 pro
529 1810 579 1836 eo
613 1797 746 1852 igilur
772 1797 1145 1838 scribendum¹est
1169 1785 1472 1851 ἲηιῖιζηαηιῖεε

298 1873 332 1913 0
362 1886 577 1928 nunquam
603 1887 682 1927 pro
713 1887 760 1914 re
790 1878 898 1915 sutis
929 1875 1201 1929 indignande
1237 1874 1415 1929 Cupido,

159 1950 241 1992 hoc
270 1959 350 2002 est,
377 1964 456 2005 pro
489 1965 538 1991 eo
572 1965 626 1992 uc
654 1941 832 1992 ‘'heret-is
862 1966 889 1992 a
919 1965 996 1992 mc.
1059 1952 1292 2007 participia
1317 1952 1396 1994 illa
1425 1951 1608 1994 infinitis

156 2030 200 2069 in
227 2028 335 2070 locis
369 2037 631 2070 commutata
669 2043 793 2078 esse,
839 2043 966 2070 nemo
1002 2031 1152 2070 nescit.
1229 2030 1365 2070 Paulo
1401 2039 1523 2085 post,
1555 2045 1608 2071 ne

0 2047 7 2140 ..ιω
0 1978 2 1986 ἡ

156 2121 283 2162 quem
314 2121 570 2163 suspensum
594 2116 753 2156 teneat,
781 2115 827 2147 ut
852 2106 1065 2148 Orellium
1092 2109 1244 2159 tenuit,
1272 2107 1473 2149 mendum
1493 2107 1610 2148 codi-

156 2187 219 2225 cis
245 2185 482 2239 archetypi,
516 2184 710 2238 eque‘dem
735 2184 1029 2235 audiebamus,
1061 2185 1172 2240 quod
1197 2185 1393 2226 Handius
1416 2184 1609 2226 Tursell.

158 2261 200 2302 11
242 2276 284 2316 p.
321 2263 406 2302 428
445 2261 624 2316 probat,
664 2276 768 2303 usus
808 2270 1009 2315 corrupto
1052 2262 1148 2304 loco
1191 2261 1279 2304 Cic.
1319 2263 1371 2303 de
1403 2262 1610 2313 Fin.111‚

155 2341 208 2390 2,
242 2341 283 2390 9,
328 2340 551 2380 sciendum
585 2349 666 2390 est,
708 2354 793 2380 non
823 2339 966 2381 solum
999 2340 1193 2394 equidem
1224 2340 1383 2394 plurali
1415 2342 1608 2381 iunctum

155 2417 416 2472 reprehendi
449 2416 622 2466 debere,
657 2417 734 2459 sed
766 2419 907 2473 ipsum
933 2432 1011 2470 per
1040 2432 1087 2458 se
1116 2416 1332 2472 pluralem
1368 2433 1609 2468 numerum,

158 2509 242 2549 quo
273 2493 426 2535 Cicero
456 2494 508 2535 dc
535 2509 582 2535 se
612 2509 698 2536 uno
730 2497 772 2536 in
805 2494 1074 2536 orationibus
1104 2509 1189 2536 non
1217 2496 1372 2543 utitur3
1401 2504 1465 2536 est
1495 2498 1609 2535 enim

158 2571 270 2612 alius
305 2573 513 2612 orationis
543 2575 739 2626 generis3
775 2582 942 2615 ceteros
972 2582 1132 2623 autem,
1167 2573 1239 2627 qui
1274 2586 1369 2612 cum
1398 2571 1607 2613 Cicerone

183 2697 221 2739 ²)
248 2695 381 2732 Simile
407 2700 462 2731 est
490 2700 528 2731 et
551 2699 710 2744 vulgare
734 2709 804 2743 pro
831 2704 1013 2744 temporem
1048 2700 1138 2735 satis
1172 2702 1298 2734 tamen
1334 2710 1429 2733 nove
1456 2698 1611 2734 Tacitus

252 2757 348 2791 Ann.
376 2757 451 2799 111,
490 2759 509 2792 1
546 2759 659 2795 dixit:
698 2761 787 2805 quid
816 2772 885 2806 pro
919 2766 1078 2806 tempore
1104 2762 1228 2803 foret,
1267 2759 1304 2794 id
1341 2762 1416 2800 est,
1451 2759 1611 2805 tempori

252 2817 481 2853 conveniret.
727 2817 729 2819 ’

1303 2891 1351 2925 32
