1981 3390
1417 237 1514 284 207

134 365 241 404 sime
286 363 418 416 igitur
468 375 491 401 e
537 360 748 400 Vaticano
798 357 960 397 editum
1003 356 1057 396 ab
1101 356 1199 397 aliis
1240 365 1326 396 est:
1372 356 1519 412 Igitur
1554 373 1582 399 a

133 453 214 494 quo
248 448 329 480 etc.

255 516 301 566 In
332 515 469 556 tribus
503 513 631 553 buius
657 513 865 553 orationis
887 510 994 551 locis
1015 512 1284 552 coniecturas
1314 513 1356 551 in
1390 512 1583 565 margine

136 595 262 647 posui
292 593 445 647 partim
475 605 558 631 non
586 605 784 645 inagnum
814 591 967 644 partim
997 588 1158 629 nullam
1190 590 1416 629 sententia:
1449 597 1585 628 muta-

137 672 298 710 tionem
335 670 608 719 adferentes,
655 683 760 723 quas
801 676 943 708 tamen
986 666 1145 707 vellem
1180 668 1222 706 in
1255 675 1380 706 textu
1415 667 1585 719 posuis-

137 761 254 795 sem3
288 748 396 788 adeo
430 756 528 787 sunt
559 747 814 787 necessariae
849 754 892 785 et
924 745 1162 785 evidentes.
1218 744 1408 784 Primum
1430 757 1464 783 c.
1485 744 1527 793 3,
1557 743 1586 782 5

138 824 368 866 edebatur:
439 822 534 870 (lua
583 828 629 863 in
672 838 718 864 re
760 836 845 864 uon
892 829 977 862 tam
1019 821 1251 862 iucundum
1297 819 1403 861 mileo·
1444 820 1589 860 videro·

138 902 300 950 debuit,
334 915 418 942 non
442 900 717 951 e'nletfectum
749 915 776 940 a
800 906 856 949 le,
891 912 1015 954 quum
1041 901 1249 946 miserum,
1284 903 1326 937 te
1348 898 1397 937 id
1417 901 1588 950 impune

124 978 290 1028 facere
326 983 535 1032 potuisse.
632 978 717 1019 Sed
758 976 917 1016 nudum
949 975 1223 1029 participium
1257 987 1333 1028 pro
1367 981 1457 1013 tota
1490 986 1588 1013 sen·

138 1061 274 1096 tentia
323 1053 494 1095 infinita
545 1054 665 1095 nullo
720 1052 954 1109 exemplo,
1007 1050 1128 1092 nulla
1181 1052 1348 1103 ratione
1399 1052 1588 1105 ponitur.

138 1134 242 1175 Post
275 1131 552 1182 interfectum
584 1132 749 1173 excidit
781 1144 859 1171 me.
928 1129 1099 1171 Deinde
1141 1143 1176 1169 c.
1214 1130 1294 1178 14,
1337 1129 1393 1168 35
1426 1128 1588 1167 editur:

146 1209 410 1266 Quamquam
451 1210 565 1251 illud
603 1209 775 1265 quidem
806 1207 933 1258 fuit,
981 1213 1029 1248 vt
1061 1213 1107 1247 Ιιι
1147 1205 1346 1256 dicebas,
1397 1204 1589 1245 omnibns

140 1288 248 1330 bono
281 1297 363 1328 etc.
443 1287 527 1327 Sed
563 1286 672 1327 nihil
700 1288 743 1326 in
772 1300 822 1327 eo
855 1286 1014 1325 iudicio
1046 1286 1264 1339 proprium
1293 1284 1475 1324 Antonii
1508 1282 1591 1322 fuit

140 1375 183 1408 et
216 1364 463 1420 singulare,
510 1378 588 1404 nec
629 1363 682 1404 ad
716 1378 848 1404 unum
881 1362 1054 1418 aliquod
1087 1363 1181 1402 eius
1213 1361 1374 1401 dictum
1402 1360 1493 1400 haec
1522 1373 1590 1399 re-

138 1444 270 1493 ferri,
310 1441 498 1483 ostendit
530 1449 698 1496 tempus
743 1439 888 1488 verbi3
931 1455 1008 1489 ea,
1041 1453 1133 1494 quae
1168 1453 1280 1479 nunc
1312 1437 1364 1477 ab
1395 1437 1588 1477 Antonio

139 1521 335 1561 dicantur
377 1527 420 1558 et
449 1526 658 1572 agantur,
703 1517 756 1558 ab
793 1516 913 1557 illius
947 1518 1153 1570 temporis
1184 1516 1308 1556 dictis
1341 1515 1588 1567 discrepare

140 1605 285 1638 orator
313 1596 438 1642 dicit3
477 1595 622 1649 itaque
665 1593 828 1635 lineola
868 1593 1098 1634 obliterata
1138 1602 1227 1648 est,
1271 1606 1355 1647 qua
1389 1592 1590 1630 restituta

140 1673 335 1730 legetur:
384 1678 431 1713 nl
468 1677 555 1712 lum
600 1670 790 1711 dicebas.
853 1671 1078 1712 Postremo
1111 1686 1145 1711 c.
1173 1673 1252 1720 29,
1281 1671 1337 1710 73
1369 1667 1591 1709 scribitur:

145 1752 306 1806 Itaque
335 1750 529 1791 exclusis
561 1752 647 1788 tuis
682 1747 857 1789 vocibus·
893 1755 939 1790 et
965 1749 1025 1789 ad
1061 1754 1104 1789 te
1139 1755 1183 1789 et
1214 1748 1273 1788 ad
1296 1747 1465 1801 prcedes
1498 1752 1593 1785 tuos

143 1830 303 1870 milites
345 1830 486 1877 me'soe't,
534 1840 659 1880 quum
696 1832 872 1880 repenle
917 1841 945 1867 (ι
989 1832 1032 1867 le
1068 1826 1280 1880 proeelwnz
1323 1825 1404 1864 illa
1441 1822 1592 1863 {abula

140 1906 329 1961 prolata.
391 1903 491 1945 Non
517 1912 621 1958 puto
660 1918 916 1958 quemquam
947 1904 1241 1952 defensurum,
1271 1904 1315 1942 in
1348 1898 1594 1941 huiusmodi

145 1984 361 2024 sententia
398 1989 440 2021 et
470 1982 730 2020 narrationis
767 1982 1050 2020 conversione
1083 1979 1262 2019 verbum
1298 1977 1466 2017 finitum
1497 1984 1593 2031 post

147 2072 273 2114 quum
303 2058 459 2106 omitti,
491 2058 574 2096 nisi
605 2055 695 2106 ubi,
728 2058 888 2096 omisso
917 2069 1094 2110 prorsus
1121 2055 1291 2095 dicendi
1323 2052 1469 2102 verbo,
1497 2066 1595 2092 sen-

149 2137 286 2177 tentia
318 2134 572 2189 pronomine
607 2141 680 2173 aut
710 2134 883 2172 nomine
918 2132 1197 2183 absolvatur,
1242 2138 1448 2186 sequente
1476 2138 1593 2170 recta

150 2214 361 2254 oratione.
432 2209 583 2264 Itaque
617 2215 680 2249 est
710 2209 806 2249 addi
838 2209 989 2260 debet,
1038 2210 1148 2265 quod
1180 2218 1276 2264 post
1310 2213 1485 2260 repenle
1514 2221 1595 2246 ex-

148 2289 267 2330 cidit.
329 2288 585 2342 Superiores
612 2286 801 2326 editores
831 2295 930 2327 ante
958 2286 1204 2326 Ernestium
1233 2285 1472 2325 orationem
1503 2284 1594 2324 fere

148 2364 479 2407 continuabant:
510 2387 565 2393 —
588 2363 765 2416 prolata
794 2367 872 2417 qm·
897 2367 1010 2403 risus
1035 2361 1245 2402 hominum
1276 2360 1353 2417 [de
1376 2367 1420 2402 te
1445 2360 1593 2416 eratJ]

148 2443 203 2484 Et
231 2443 373 2483 minus
404 2441 673 2482 desideratur
707 2439 889 2481 verbum
919 2442 963 2481 in
991 2439 1324 2489 exclamatione,
1357 2441 1596 2494 praesertim

148 2533 236 2561 non
275 2520 503 2575 participio
547 2518 810 2559 adiunctum.
878 2519 964 2559 Sed
1009 2526 1099 2559 tota
1140 2518 1348 2559 orationis
1384 2517 1523 2557 forma
1553 2525 1596 2557 et

150 2610 238 2637 vox
290 2601 467 2650 repente
511 2597 771 2638 sententiam
814 2597 859 2638 in
910 2597 1159 2638 narratione
1205 2594 1384 2651 prolatae
1436 2593 1593 2634 tabulae

151 2673 387 2714 consistere
419 2671 584 2714 iubent.
