1981 3390
402 290 496 340 156

325 412 506 453 sinianis
540 409 710 461 multis;
739 411 833 468 (qui
861 411 1055 468 profecto
1089 426 1175 455 non
1205 424 1355 456 omnes
1387 423 1414 453 α
1441 411 1593 468 quibus
1610 410 1774 454 habue-

323 498 445 538 runt3
484 489 561 531 sed
603 488 816 530 delectum
860 491 1083 532 varietatis
1129 490 1298 545 Peyron
1340 490 1443 532 fecit
1486 489 1586 530 inde
1627 503 1653 530 a
1680 503 1774 545 cap.

324 565 469 622 10)1).
534 567 660 608 Patet
688 569 799 617 iam,
834 566 915 606 hoc
944 570 1014 617 ils,
1045 571 1122 621 qm·
1150 569 1303 609 referri
1337 569 1388 609 ad
1423 569 1698 618 sententiam,
1728 567 1775 608 in

327 659 411 700 qua
443 659 521 699 per
553 643 768 684 ablativos
801 646 1118 698 consequentiae
1149 645 1309 686 elatum
1344 646 1475 686 fuerit
1505 647 1571 697 id,
1602 646 1654 686 (le
1689 659 1773 701 quo

324 725 666 776 interrogaretur
685 723 802 771 (nam
825 721 971 760 dativo
991 721 1139 762 nullus
1173 723 1242 764 hic
1276 723 1399 763 locus
1435 732 1514 774 est,
1548 737 1626 764 nec
1657 722 1775 764 abla-

324 802 415 841 tivo
447 799 558 839 alius
592 800 764 853 generis
798 799 841 838 in
873 796 1118 853 personis),
1144 800 1189 839 in
1215 799 1394 855 vulgata
1424 809 1567 841 autem
1586 800 1777 841 lectione

323 877 522 919 lacunam
557 876 685 917 huius
720 890 805 916 non
839 876 1109 930 interpolatae
1141 879 1386 933 scripturae:
1427 890 1522 933 quae
1553 883 1618 918 esc
1641 883 1777 932 grata

321 955 525 1012 gentibus·
562 968 647 995 non
677 957 906 1010 poluisse?
953 958 1010 995 iis
1040 954 1153 996 male
1184 955 1408 1011 expletam
1447 970 1557 997 esse.
1621 955 1672 997 In
1699 969 1779 997 vo-

325 1034 481 1076 cabulo
508 1032 711 1087 gentibus
743 1032 880 1073 latere
922 1033 1091 1074 videtur
1125 1035 1378 1076 terminatio
1403 1035 1623 1090 participii
1653 1032 1775 1075 abla-

322 1114 416 1154 tivo
462 1125 564 1152 casu
606 1112 764 1166 positi,
816 1109 976 1163 (velut:
1029 1109 1192 1158 Quibus·
1234 1111 1532 1153 iudicantibus
1572 1125 1657 1153 uon
1698 1125 1777 1167 po·

323 1191 490 1232 tuisse?
521 1189 589 1231 Ιίε
621 1188 738 1239 etc.).
804 1188 947 1229 Huius
986 1190 1205 1244 participii
1251 1197 1294 1231 et
1334 1192 1453 1231 vocis
1492 1191 1640 1231 dativo
1673 1204 1776 1231 casu

322 1271 368 1311 in
398 1267 485 1310 fine
518 1267 755 1322 superioris
794 1265 977 1307 membri
1022 1268 1175 1321 positae
1216 1266 1454 1308 similitudo
1486 1266 1778 1321 perturbatio·

322 1362 422 1389 nem
452 1347 672 1399 scripturae
703 1345 869 1399 genuit.
927 1344 1072 1400 Atque
1103 1344 1232 1385 huius
1269 1344 1523 1400 corruptelae
1554 1343 1778 1386 simillima

322 1432 413 1475 est,
459 1438 586 1479 quam
626 1423 671 1463 in
703 1430 811 1463 orat.
842 1437 920 1478 pro
950 1422 1132 1478 Ligario
1163 1437 1198 1464 c.
1227 1425 1282 1474 9,
1313 1424 1370 1464 28
1401 1424 1575 1475 notavi,
1619 1422 1774 1464 eodem

321 1502 448 1544 modo
498 1499 632 1556 vulgo
675 1500 948 1541 occultatam.
1023 1500 1274 1556 Legebatur
1319 1502 1460 1542 enim:
1513 1514 1594 1550 an,
1638 1499 1780 1549 ntfit

321 1584 370 1623 in
405 1577 607 1620 civilibus
639 1578 778 1629 bellis,
813 1592 893 1619 nec
920 1582 967 1619 in
1000 1577 1121 1619 vobis
1150 1581 1313 1633 magis,
1345 1592 1469 1633 quam
1502 1582 1549 1619 in
1578 1578 1775 1632 reliquis,

320 1671 463 1700 onmes
498 1655 706 1697 vincendi
744 1656 886 1697 studio
926 1656 1198 1705 teuebcctmcr5
1251 1658 1297 1697 in
1340 1671 1424 1712 qua
1464 1657 1678 1710 scriptura
1722 1669 1775 1696 ea

320 1744 420 1778 sunt
457 1734 752 1784 incommoda,
785 1748 877 1790 quae
912 1749 938 1775 a
964 1736 1136 1775 nemine
1170 1748 1266 1775 esse
1291 1734 1594 1775 animadversa
1621 1734 1777 1782 mirer;

320 1814 653 1872 gravissimum,
692 1812 830 1868 quod,
864 1827 992 1868 quum
1026 1814 1350 1868 p1·aecessissent
1379 1813 1431 1853 de
1465 1810 1776 1853 Tuberonibus

319 1892 401 1934 illa
432 1892 595 1932 ironice
629 1892 772 1946 posita
804 1891 1104 1945 languidiore,
1162 1891 1318 1942 credo,
1374 1890 1515 1931 studio
1554 1893 1600 1930 in
1642 1902 1775 1930 causa

307 1969 472 2022 fuistis
507 1977 610 2018 etc„
640 1969 855 2024 planeque
887 1970 1133 2010 necessario
1164 1968 1479 2010 subiiciendum
1515 1975 1655 2018 esset,
1702 1981 1775 2008 ve-

319 2048 645 2090 hementissime
689 2061 764 2088 eos
810 2047 1008 2102 Pompeii
1039 2053 1202 2103 {partes
1254 2048 1386 2087 tuitos
1439 2060 1561 2097 esse,
1618 2045 1774 2086 dicitur

321 2127 606 2168 communiter
637 2139 778 2166 omnes
812 2125 1091 2177 tenebamur3
1136 2125 1306 2175 deinde,
1339 2139 1468 2181 quum
1504 2136 1646 2165 omnes·
1678 2123 1776 2164 viu-

320 2205 444 2247 cendi
474 2203 616 2244 studio
650 2205 816 2244 incensi
855 2204 991 2244 fuisse
1035 2204 1252 2252 dicantur,
1299 2216 1503 2255 perverse
1547 2203 1592 2242 in
1623 2201 1774 2242 eadem

320 2282 535 2325 sententia
564 2283 837 2333 praemittitur
871 2288 920 2321 ut
935 2281 1001 2330 fit
1028 2295 1112 2321 non
1144 2284 1191 2320 in
1221 2279 1341 2320 vobis
1369 2283 1534 2334 magis,
1577 2292 1700 2332 quum
1725 2281 1772 2318 in

322 2362 518 2416 reliquis,
550 2358 591 2399 id
623 2366 702 2408 est,
734 2365 781 2398 ut
810 2356 858 2398 fit
891 2358 936 2396 in
963 2355 1177 2396 omnibus.
1243 2356 1329 2397 Sed
1364 2356 1491 2396 aliter
1523 2355 1611 2395 haec
1644 2369 1669 2395 a
1700 2352 1772 2395 Ci-

320 2454 476 2483 cerone
513 2438 672 2490 scripta
709 2450 830 2487 esse,
878 2442 1066 2490 arguunt
1099 2433 1281 2474 codices.
1359 2432 1471 2474 Nam
1505 2432 1773 2473 Erfurtensis

324 2527 368 2561 et
413 2516 700 2566 Dresdensis,
755 2522 846 2555 tum
899 2527 957 2554 ex
1009 2513 1213 2554 deteriori
1255 2511 1424 2553 familia
1467 2511 1640 2562 naun„
1685 2511 1771 2552 duo

323 2597 473 2641 (Jxon.
518 2595 736 2649 edssioque
772 2607 810 2634 a.
854 2594 964 2633 1480
1007 2591 1186 2632 hahent:
1230 2604 1372 2631 omnes
1417 2593 1554 2638 εηῠπς
1598 2603 1652 2632 ex
1687 2603 1771 2645 quo

321 2684 441 2732 patet
472 2682 633 2728 apertee
668 2671 809 2728 qualis
842 2671 973 2712 fuerit
1004 2685 1106 2711 vera
1135 2669 1222 2710 loci
1256 2669 1410 2710 forma.
1471 2667 1616 2717 Quum
1654 2669 1770 2708 enim

344 2761 382 2804 ²)
410 2760 570 2795 Vereor,
598 2767 644 2789 nc
673 2766 778 2788 error
804 2754 851 2788 sit
878 2764 972 2787 unus
1000 2756 1035 2785 et
1061 2753 1157 2785 alter
1186 2750 1222 2784 in
1248 2750 1380 2789 libris,
1415 2761 1505 2795 quos
1529 2750 1771 2797 Lagomuni-

410 2827 480 2850 nus
513 2812 676 2848 numeris
711 2811 956 2857 significavit,
998 2808 1229 2849 ὶιιιΙίοειπῐῗίες
1262 2812 1383 2848 certe,
1424 2811 1464 2840 ut
1494 2808 1564 2841 hoc
1598 2810 1770 2853 exemplo

412 2877 521 2913 utar,
544 2870 624 2905 cod.
651 2869 708 2906 92.
736 2867 849 2905 editio
877 2867 1031 2905 Grutcri
1058 2868 1163 2903 nullo
1188 2866 1298 2903 modo
1328 2875 1407 2902 csse
1432 2867 1576 2911 potest,
1603 2869 1643 2901 ut
1671 2866 1768 2913 Pey-

415 2940 480 2966 ron
509 2929 622 2974 ponit.
