1981 3390
1498 249 1595 298 309

207 383 346 417 turam
389 372 645 423 servabant,
691 379 736 412 ut
774 370 1094 423 Gottorpiensis
1136 377 1179 410 ct
1212 367 1322 409 alter
1351 366 1658 422 Lugdunensis

209 462 251 493 et
283 466 337 493 ex
368 451 666 492 Lambinianis
699 448 923 498 nonnulli,
970 447 1047 488 alii
1081 447 1221 487 minus
1254 446 1469 499 integram
1500 452 1543 484 et
1571 447 1658 486 iam

207 529 278 570 hie
310 526 402 569 illic
431 527 715 576 coniecturis,
760 533 807 564 ut
847 523 943 564 fieri
979 532 1175 579 poterat,
1206 530 1438 571 mutatam,
1475 535 1658 576 quorum

175 598 273 646 'est
304 604 413 645 alter
437 603 743 659 Lugdunensis
785 602 917 654 (apud
956 601 1145 642 Haverc.
1187 600 1253 640 lit.
1305 599 1349 640 Y
1384 599 1575 651 notatus)
1616 606 1660 638 et

205 680 496 731 Bodleianus‚
555 694 665 720 unus
708 679 864 734 aliquis
905 679 1133 719 admodum
1176 677 1289 718 male
1332 676 1504 718 habitus
1547 677 1660 716 circa

206 767 401 811 tempora
432 759 750 798 renascentium
793 756 1015 797 literarum
1048 759 1091 796 in
1130 770 1282 796 manus
1324 755 1547 795 hominum
1585 754 1661 793 do-

210 845 378 877 ctorum
411 837 454 874 in
488 835 613 875 ltalia
648 836 791 883 venit,
834 848 894 874 ex
937 848 1020 888 quo
1067 847 1181 874 nova
1221 831 1432 884 profluxit
1473 845 1658 885 apogra-

210 913 393 969 phorum
424 927 643 966 propago,
685 911 798 966 quod
827 910 1022 950 Lucretii
1051 923 1249 959 carmen,
1291 909 1450 948 dudum
1482 915 1660 961 propter

208 989 505 1031 difficultatem
539 989 725 1028 lectitari
765 987 950 1026 desitum
995 995 1084 1026 tum
1119 993 1296 1039 propter
1340 986 1526 1039 antiquae
1565 997 1661 1024 ora-

206 1068 337 1107 tionis
366 1067 636 1106 maiestatem
663 1062 980 1113 celebrabatur,
1010 1065 1116 1108 etin
1142 1063 1209 1103 his
1232 1061 1497 1118 apographis
1521 1060 1661 1101 libere

205 1151 404 1198 grassata
435 1151 501 1182 est
534 1157 586 1182 ea
614 1141 808 1191 licentia,
840 1155 924 1197 qua
958 1141 1155 1182 homines
1186 1139 1386 1180 nonnulli
1417 1139 1661 1179 breviante

209 1220 539 1275 typographiam
572 1221 796 1261 inventam
839 1227 913 1258 aut
944 1218 1247 1274 pervulgatam
1284 1218 1453 1263 codices
1483 1216 1660 1258 mendo-

207 1311 280 1338 sos
310 1307 352 1337 et
385 1297 615 1338 lacunosos
647 1297 889 1337 temerariis
928 1297 1186 1336 coniecturis
1228 1303 1272 1336 et
1314 1295 1662 1347 interpolationi-

207 1373 287 1414 bus
331 1376 492 1418 sarcire
532 1372 762 1414 studebant
784 1376 837 1423 1).
895 1372 1009 1415 Nota
1041 1381 1106 1413 est
1139 1387 1208 1414 res
1238 1387 1350 1413 nunc
1384 1386 1407 1413 e
1441 1370 1661 1413 codicibus

209 1450 507 1492 Ciceronianis
539 1460 579 1491 et
611 1451 903 1507 elegiacomun
937 1461 1163 1508 poetarum
1194 1451 1466 1491 Latinorum.
1529 1449 1583 1493 Et
1615 1448 1661 1488 hi
1696 1448 1699 1449 ⁷

207 1536 307 1568 sunt
336 1527 402 1568 illi
432 1529 628 1578 codices,
682 1528 734 1568 ad
769 1543 949 1583 quorum
982 1527 1111 1568 fidem
1152 1543 1310 1583 magna
1349 1543 1407 1569 ex
1442 1535 1562 1583 parte
1593 1540 1660 1566 re-

209 1614 410 1645 vocatum
442 1604 651 1645 habemus
686 1620 710 1645 a
744 1604 1044 1646 WVakefieldio
1080 1605 1272 1650 Lucretii
1302 1594 1491 1654 textum]
1526 1611 1569 1647 et
1603 1616 1662 1643 ex

208 1696 389 1736 quorum
445 1681 640 1737 apicibus
688 1681 764 1722 ille
809 1683 1080 1722 coniecturas
1120 1697 1220 1723 suas
1262 1682 1471 1733 ducebat,
1531 1694 1663 1736 quum

207 1757 409 1799 Lambini
441 1759 712 1814 aliorumque
753 1759 1111 1815 interpolationes
1155 1760 1428 1815 expulisset,
1470 1759 1522 1801 ad
1565 1773 1660 1799 sen·

207 1849 303 1876 sum
330 1844 474 1877 tamen
506 1836 695 1892 aliquem
723 1836 958 1877 aLucretii
989 1837 1267 1892 opinionibus
1300 1846 1343 1877 et
1369 1838 1661 1891 disputatione

207 1927 296 1953 non
328 1913 519 1954 alienum
560 1914 815 1968 plerumque
860 1915 1220 1954 accommodatas.
1293 1915 1486 1955 Primum
1526 1914 1661 1966 igitur

205 1999 351 2044 patet,
402 1990 512 2031 hanc
545 2005 714 2031 omnem
745 1992 996 2031 varietatem
1027 1991 1178 2031 horum
1210 1992 1404 2031 codicum
1433 1989 1662 2044 negligen-

207 2067 305 2107 dam
337 2081 457 2114 esse3
490 2067 643 2107 deinde
678 2076 848 2117 autem,
897 2069 1068 2108 etiamsi
1102 2069 1355 2123 diligentius
1389 2066 1536 2108 collati
1567 2067 1661 2106 fue-

205 2145 292 2185 rint
340 2144 461 2185 codd.
510 2143 732 2202 Gottorp.,
790 2143 1020 2201 Lugdun.,
1062 2148 1219 2204 quique
1266 2145 1432 2187 similes
1477 2145 1659 2201 reperiri

230 2303 267 2344 ²)
295 2302 478 2348 Cognatio
505 2309 541 2339 ct
565 2305 676 2351 stirps
702 2307 939 2352 cognoscitur
966 2319 1008 2342 cx
1036 2308 1102 2342 lib.
1129 2310 1166 2349 Ι,
1208 2319 1242 2343 v,
1270 2307 1363 2342 1067
1388 2319 1490 2352 sqq.,
1531 2306 1595 2340 ubi
1623 2307 1659 2341 in

294 2363 354 2396 his
383 2365 613 2409 apographis
649 2370 685 2399 et
721 2366 758 2400 in
794 2368 1020 2402 editionibus
1057 2368 1241 2412 antiquis,
1281 2380 1357 2412 quae
1396 2379 1439 2401 ex
1473 2367 1660 2402 similibus

293 2423 410 2458 ductae
435 2430 543 2466 sunt,
583 2427 715 2461 desunt
741 2432 912 2462 extrcmae
950 2440 1058 2462 voces
1086 2429 1250 2473 quinquo
1276 2439 1451 2462 versuum
1487 2429 1660 2473 deinceps

292 2484 500 2528 positorum
538 2485 591 2526 (in
630 2487 734 2521 codd.
772 2487 980 2524 vindobon.
1018 2489 1159 2529 Alteri,
1203 2487 1414 2530 Ροοτίειηο,
1461 2490 1661 2523 Cantabri-

295 2542 437 2586 gicnsi,
474 2545 594 2579 trIbus
623 2547 743 2580 Musei
770 2549 979 2583 Britannici
1007 2551 1105 2595 apud
1132 2549 1301 2589 Wakef„
1343 2549 1423 2581 cdd.
1459 2549 1660 2589 Brixiensi,

294 2603 454 2644 Veron„
489 2607 672 2650 Veneta),
706 2609 776 2642 nisi
812 2611 910 2654 quod
944 2611 983 2644 in
1020 2610 1212 2655 Catabrig.
1252 2610 1458 2644 tentamina
1493 2610 1660 2653 quaedam

297 2664 496 2707 supplendi
529 2673 734 2712 apparent,
780 2682 858 2714 quae
884 2672 1187 2717 Havcrcampius
1221 2682 1263 2704 cx
1299 2670 1374 2704 alio
1414 2670 1492 2703 cod.
1529 2674 1659 2703 notata.

295 2723 422 2758 habet.
472 2726 554 2760 Non
582 2733 636 2762 cst
668 2730 888 2765 adnotatum
921 2733 968 2765 ab
1006 2732 1073 2773 iis,
1113 2733 1176 2777 qui
1206 2732 1432 2766 varietatem
1468 2730 1659 2774 scriptura:

296 2784 553 2828 “Oncgm'ussts
597 2789 678 2832 quis
713 2790 854 2836 primus
889 2791 1056 2838 integi-os
1091 2805 1218 2829 versus
1256 2790 1414 2827 ediderit
1449 2801 1491 2825 cx
1531 2790 1658 2835 aliquo

295 2844 450 2880 alterins
477 2847 626 2891 generis
653 2850 790 2885 codice.
