<?xml version="1.0" encoding="UTF-8"?>
<!DOCTYPE html PUBLIC "-//W3C//DTD XHTML 1.0 Transitional//EN"
    "http://www.w3.org/TR/xhtml1/DTD/xhtml1-transitional.dtd">
<html xmlns="http://www.w3.org/1999/xhtml" xml:lang="en" lang="en">
 <head>
  <title>
</title>
<meta http-equiv="Content-Type" content="text/html;charset=utf-8" />
  <meta name='ocr-system' content='tesseract 3.04.00' />
  <meta name='ocr-capabilities' content='ocr_page ocr_carea ocr_par ocr_line ocrx_word'/>
</head>
<body>
  <div class='ocr_page' id='page_1' title='image "./ionicolaimadvigi01madvuoft_0088.png"; bbox 0 0 1981 3390; ppageno 0'>
   <div class='ocr_carea' id='block_1_1' title="bbox 420 211 486 259">
    <p class='ocr_par' dir='ltr' id='par_1_1' title="bbox 420 211 486 259">
     <span class='ocr_line' id='line_1_1' title="bbox 420 211 486 259; baseline 0 0"><span class='ocrx_word' id='word_1_1' title='bbox 420 211 486 259; x_wconf 78' lang='lat'><strong>76</strong></span> 
     </span>
    </p>
   </div>
   <div class='ocr_carea' id='block_1_2' title="bbox 352 330 1804 2872">
    <p class='ocr_par' dir='ltr' id='par_1_2' title="bbox 352 330 1804 2872">
     <span class='ocr_line' id='line_1_2' title="bbox 356 330 1798 388; baseline 0 -16"><span class='ocrx_word' id='word_1_2' title='bbox 356 345 468 373; x_wconf 85' lang='lat' dir='ltr'><strong>nune</strong></span> <span class='ocrx_word' id='word_1_3' title='bbox 504 331 643 374; x_wconf 82' lang='lat' dir='ltr'><strong>dicam</strong></span> <span class='ocrx_word' id='word_1_4' title='bbox 673 331 725 372; x_wconf 89' lang='lat' dir='ltr'><strong>de</strong></span> <span class='ocrx_word' id='word_1_5' title='bbox 755 334 851 388; x_wconf 79' lang='lat' dir='ltr'><strong>ipsa</strong></span> <span class='ocrx_word' id='word_1_6' title='bbox 873 346 950 383; x_wconf 75' lang='lat' dir='ltr'><strong>re,</strong></span> <span class='ocrx_word' id='word_1_7' title='bbox 999 335 1121 388; x_wconf 89' lang='lat' dir='ltr'><strong>equis</strong></span> <span class='ocrx_word' id='word_1_8' title='bbox 1153 331 1339 388; x_wconf 86' lang='lat' dir='ltr'><strong>publicis</strong></span> <span class='ocrx_word' id='word_1_9' title='bbox 1368 332 1422 374; x_wconf 85' lang='lat' dir='ltr'><strong>ab</strong></span> <span class='ocrx_word' id='word_1_10' title='bbox 1456 330 1672 387; x_wconf 82' lang='lat' dir='ltr'><strong>equitibus</strong></span> <span class='ocrx_word' id='word_1_11' title='bbox 1704 332 1798 372; x_wconf 88' lang='lat' dir='ltr'><strong>red-</strong></span> 
     </span>
     <span class='ocr_line' id='line_1_3' title="bbox 355 409 1800 465; baseline -0.001 -15"><span class='ocrx_word' id='word_1_12' title='bbox 355 409 471 450; x_wconf 80' lang='lat' dir='ltr'><strong>ditis.</strong></span> <span class='ocrx_word' id='word_1_13' title='bbox 533 410 747 452; x_wconf 82' lang='lat' dir='ltr'><strong>Praeterea</strong></span> <span class='ocrx_word' id='word_1_14' title='bbox 776 409 867 450; x_wconf 80' lang='lat' dir='ltr'><strong>haeo</strong></span> <span class='ocrx_word' id='word_1_15' title='bbox 893 409 945 450; x_wconf 86' lang='lat' dir='ltr'><strong>ad</strong></span> <span class='ocrx_word' id='word_1_16' title='bbox 967 412 1204 465; x_wconf 84' lang='lat' dir='ltr'><strong>equitatum</strong></span> <span class='ocrx_word' id='word_1_17' title='bbox 1235 411 1455 464; x_wconf 85' lang='lat' dir='ltr'><strong>pertinere</strong></span> <span class='ocrx_word' id='word_1_18' title='bbox 1485 423 1569 450; x_wconf 93' lang='lat' dir='ltr'><strong>non</strong></span> <span class='ocrx_word' id='word_1_19' title='bbox 1604 417 1800 463; x_wconf 76' lang='lat' dir='ltr'><strong>possunt,</strong></span> 
     </span>
     <span class='ocr_line' id='line_1_4' title="bbox 354 487 1798 542; baseline -0.001 -15"><span class='ocrx_word' id='word_1_20' title='bbox 354 489 594 529; x_wconf 88' lang='lat' dir='ltr'><strong>interiectis</strong></span> <span class='ocrx_word' id='word_1_21' title='bbox 636 487 725 527; x_wconf 87' lang='lat' dir='ltr'><strong>illis</strong></span> <span class='ocrx_word' id='word_1_22' title='bbox 758 491 887 527; x_wconf 69' lang='lat' dir='ltr'><strong>etiam</strong></span> <span class='ocrx_word' id='word_1_23' title='bbox 920 493 1108 528; x_wconf 72' lang='lat' dir='ltr'><strong>senatus.</strong></span> <span class='ocrx_word' id='word_1_24' title='bbox 1199 489 1342 538; x_wconf 77' lang='lat' dir='ltr'><strong>Satis,</strong></span> <span class='ocrx_word' id='word_1_25' title='bbox 1386 489 1564 542; x_wconf 83' lang='lat' dir='ltr'>opinor,</span> <span class='ocrx_word' id='word_1_26' title='bbox 1606 494 1798 542; x_wconf 78' lang='lat' dir='ltr'><strong>apparet,</strong></span> 
     </span>
     <span class='ocr_line' id='line_1_5' title="bbox 354 564 1800 620; baseline -0.002 -14"><span class='ocrx_word' id='word_1_27' title='bbox 354 579 532 620; x_wconf 84' lang='lat' dir='ltr'><strong>prorsus</strong></span> <span class='ocrx_word' id='word_1_28' title='bbox 566 566 856 605; x_wconf 82' lang='lat' dir='ltr'><strong>necessariam</strong></span> <span class='ocrx_word' id='word_1_29' title='bbox 901 577 997 605; x_wconf 85' lang='lat' dir='ltr'><strong>esse</strong></span> <span class='ocrx_word' id='word_1_30' title='bbox 1041 579 1137 606; x_wconf 87' lang='lat' dir='ltr'><strong>eam</strong></span> <span class='ocrx_word' id='word_1_31' title='bbox 1173 564 1403 606; x_wconf 76' lang='lat' dir='ltr'><strong>verborum</strong></span> <span class='ocrx_word' id='word_1_32' title='bbox 1438 566 1800 613; x_wconf 83' lang='lat' dir='ltr'><strong>coniunctionem,</strong></span> 
     </span>
     <span class='ocr_line' id='line_1_6' title="bbox 355 640 1801 698; baseline -0.001 -15"><span class='ocrx_word' id='word_1_33' title='bbox 355 657 449 698; x_wconf 82' lang='lat' dir='ltr'><strong>quae</strong></span> <span class='ocrx_word' id='word_1_34' title='bbox 469 651 569 682; x_wconf 85' lang='lat' dir='ltr'><strong>ante</strong></span> <span class='ocrx_word' id='word_1_35' title='bbox 588 640 892 682; x_wconf 81' lang='lat' dir='ltr'><strong>Heinriehium</strong></span> <span class='ocrx_word' id='word_1_36' title='bbox 914 641 1266 696; x_wconf 83' lang='lat' dir='ltr'>exprimebatur,</span> <span class='ocrx_word' id='word_1_37' title='bbox 1297 645 1396 693; x_wconf 83' lang='lat' dir='ltr'><strong>(nee</strong></span> <span class='ocrx_word' id='word_1_38' title='bbox 1420 657 1524 684; x_wconf 85' lang='lat' dir='ltr'><strong>sane</strong></span> <span class='ocrx_word' id='word_1_39' title='bbox 1557 642 1647 683; x_wconf 81' lang='lat' dir='ltr'><strong>haec</strong></span> <span class='ocrx_word' id='word_1_40' title='bbox 1674 642 1801 682; x_wconf 88' lang='lat' dir='ltr'><strong>aliter</strong></span> 
     </span>
     <span class='ocr_line' id='line_1_7' title="bbox 353 717 1800 775; baseline -0.001 -15"><span class='ocrx_word' id='word_1_41' title='bbox 353 719 444 773; x_wconf 84' lang='lat' dir='ltr'><strong>legi</strong></span> <span class='ocrx_word' id='word_1_42' title='bbox 474 734 500 760; x_wconf 79' lang='lat' dir='ltr'><strong>a</strong></span> <span class='ocrx_word' id='word_1_43' title='bbox 530 717 752 760; x_wconf 87' lang='lat' dir='ltr'><strong>veteribus</strong></span> <span class='ocrx_word' id='word_1_44' title='bbox 782 719 876 772; x_wconf 88' lang='lat' dir='ltr'><strong>ipse</strong></span> <span class='ocrx_word' id='word_1_45' title='bbox 909 718 1013 758; x_wconf 90' lang='lat' dir='ltr'><strong>ordo</strong></span> <span class='ocrx_word' id='word_1_46' title='bbox 1047 718 1279 759; x_wconf 88' lang='lat' dir='ltr'><strong>verborum</strong></span> <span class='ocrx_word' id='word_1_47' title='bbox 1311 719 1514 770; x_wconf 85' lang='lat' dir='ltr'><strong>sinebat,)</strong></span> <span class='ocrx_word' id='word_1_48' title='bbox 1560 734 1640 760; x_wconf 84' lang='lat' dir='ltr'><strong>nec</strong></span> <span class='ocrx_word' id='word_1_49' title='bbox 1679 721 1800 775; x_wconf 87' lang='lat' dir='ltr'><strong>quid-</strong></span> 
     </span>
     <span class='ocr_line' id='line_1_8' title="bbox 355 795 1800 853; baseline -0.001 -16"><span class='ocrx_word' id='word_1_50' title='bbox 355 811 482 853; x_wconf 82' lang='lat' dir='ltr'><strong>quam</strong></span> <span class='ocrx_word' id='word_1_51' title='bbox 514 797 583 838; x_wconf 84' lang='lat' dir='ltr'><strong>hic</strong></span> <span class='ocrx_word' id='word_1_52' title='bbox 611 797 662 838; x_wconf 90' lang='lat' dir='ltr'><strong>de</strong></span> <span class='ocrx_word' id='word_1_53' title='bbox 691 810 774 837; x_wconf 84' lang='lat' dir='ltr'><strong>sex</strong></span> <span class='ocrx_word' id='word_1_54' title='bbox 802 796 1026 851; x_wconf 82' lang='lat' dir='ltr'><strong>suffragiis</strong></span> <span class='ocrx_word' id='word_1_55' title='bbox 1057 796 1232 837; x_wconf 87' lang='lat' dir='ltr'><strong>dictum.</strong></span> <span class='ocrx_word' id='word_1_56' title='bbox 1290 795 1387 836; x_wconf 85' lang='lat' dir='ltr'><strong>Hoc</strong></span> <span class='ocrx_word' id='word_1_57' title='bbox 1417 797 1550 850; x_wconf 85' lang='lat' dir='ltr'><strong>igitur</strong></span> <span class='ocrx_word' id='word_1_58' title='bbox 1581 798 1668 837; x_wconf 86' lang='lat' dir='ltr'><strong>iam</strong></span> <span class='ocrx_word' id='word_1_59' title='bbox 1701 811 1800 838; x_wconf 86' lang='lat' dir='ltr'><strong>con-</strong></span> 
     </span>
     <span class='ocr_line' id='line_1_9' title="bbox 354 872 1799 929; baseline -0.002 -13"><span class='ocrx_word' id='word_1_60' title='bbox 354 883 462 925; x_wconf 82' lang='lat' dir='ltr'><strong>stat,</strong></span> <span class='ocrx_word' id='word_1_61' title='bbox 505 875 552 915; x_wconf 86' lang='lat' dir='ltr'><strong>P.</strong></span> <span class='ocrx_word' id='word_1_62' title='bbox 588 873 787 916; x_wconf 81' lang='lat' dir='ltr'><strong>Africani</strong></span> <span class='ocrx_word' id='word_1_63' title='bbox 830 872 1016 914; x_wconf 84' lang='lat' dir='ltr'>Minoris</span> <span class='ocrx_word' id='word_1_64' title='bbox 1061 882 1186 914; x_wconf 86' lang='lat' dir='ltr'><strong>aetate</strong></span> <span class='ocrx_word' id='word_1_65' title='bbox 1234 881 1277 914; x_wconf 90' lang='lat' dir='ltr'><strong>et</strong></span> <span class='ocrx_word' id='word_1_66' title='bbox 1320 875 1534 929; x_wconf 82' lang='lat' dir='ltr'><strong>superiori</strong></span> <span class='ocrx_word' id='word_1_67' title='bbox 1577 881 1799 914; x_wconf 76' lang='lat' dir='ltr'><strong>senatores</strong></span> 
     </span>
     <span class='ocr_line' id='line_1_10' title="bbox 354 950 1802 1008; baseline -0.001 -15"><span class='ocrx_word' id='word_1_68' title='bbox 354 953 566 1008; x_wconf 81' lang='lat' dir='ltr'><strong>suffragia</strong></span> <span class='ocrx_word' id='word_1_69' title='bbox 595 950 748 992; x_wconf 87' lang='lat' dir='ltr'><strong>tulisse</strong></span> <span class='ocrx_word' id='word_1_70' title='bbox 778 952 824 992; x_wconf 91' lang='lat' dir='ltr'><strong>in</strong></span> <span class='ocrx_word' id='word_1_71' title='bbox 851 953 1042 1006; x_wconf 89' lang='lat' dir='ltr'><strong>equitum</strong></span> <span class='ocrx_word' id='word_1_72' title='bbox 1075 952 1296 999; x_wconf 87' lang='lat' dir='ltr'><strong>centuriis,</strong></span> <span class='ocrx_word' id='word_1_73' title='bbox 1329 952 1383 992; x_wconf 79' lang='lat' dir='ltr'><strong>ad</strong></span> <span class='ocrx_word' id='word_1_74' title='bbox 1415 951 1676 1006; x_wconf 84' lang='lat' dir='ltr'><strong>eosdemque</strong></span> <span class='ocrx_word' id='word_1_75' title='bbox 1704 965 1802 1006; x_wconf 87' lang='lat' dir='ltr'><strong>per-</strong></span> 
     </span>
     <span class='ocr_line' id='line_1_11' title="bbox 354 1028 1803 1085; baseline -0.001 -15"><span class='ocrx_word' id='word_1_76' title='bbox 354 1032 518 1080; x_wconf 89' lang='lat' dir='ltr'><strong>tinere,</strong></span> <span class='ocrx_word' id='word_1_77' title='bbox 551 1043 644 1084; x_wconf 82' lang='lat' dir='ltr'><strong>quae</strong></span> <span class='ocrx_word' id='word_1_78' title='bbox 674 1030 876 1085; x_wconf 79' lang='lat' dir='ltr'>proxime</span> <span class='ocrx_word' id='word_1_79' title='bbox 907 1029 1133 1079; x_wconf 88' lang='lat' dir='ltr'><strong>dicuntur,</strong></span> <span class='ocrx_word' id='word_1_80' title='bbox 1163 1029 1298 1069; x_wconf 86' lang='lat' dir='ltr'><strong>fuisse</strong></span> <span class='ocrx_word' id='word_1_81' title='bbox 1329 1038 1443 1080; x_wconf 86' lang='lat' dir='ltr'><strong>tum,</strong></span> <span class='ocrx_word' id='word_1_82' title='bbox 1474 1031 1570 1084; x_wconf 90' lang='lat' dir='ltr'><strong>qui,</strong></span> <span class='ocrx_word' id='word_1_83' title='bbox 1602 1028 1803 1084; x_wconf 84' lang='lat' dir='ltr'><strong>neglecta</strong></span> 
     </span>
     <span class='ocr_line' id='line_1_12' title="bbox 354 1107 1801 1162; baseline -0.001 -14"><span class='ocrx_word' id='word_1_84' title='bbox 354 1108 453 1148; x_wconf 87' lang='lat' dir='ltr'><strong>utili</strong></span> <span class='ocrx_word' id='word_1_85' title='bbox 483 1107 563 1148; x_wconf 86' lang='lat' dir='ltr'><strong>hac</strong></span> <span class='ocrx_word' id='word_1_86' title='bbox 603 1115 851 1147; x_wconf 80' lang='lat' dir='ltr'><strong>senatorum</strong></span> <span class='ocrx_word' id='word_1_87' title='bbox 886 1122 980 1147; x_wconf 86' lang='lat' dir='ltr'><strong>cum</strong></span> <span class='ocrx_word' id='word_1_88' title='bbox 1020 1108 1211 1162; x_wconf 89' lang='lat' dir='ltr'><strong>equitum</strong></span> <span class='ocrx_word' id='word_1_89' title='bbox 1248 1109 1453 1148; x_wconf 86' lang='lat' dir='ltr'><strong>centuriis</strong></span> <span class='ocrx_word' id='word_1_90' title='bbox 1484 1108 1801 1156; x_wconf 84' lang='lat' dir='ltr'><strong>coniunctione,</strong></span> 
     </span>
     <span class='ocr_line' id='line_1_13' title="bbox 356 1184 1800 1241; baseline -0.001 -15"><span class='ocrx_word' id='word_1_91' title='bbox 356 1186 567 1227; x_wconf 84' lang='lat' dir='ltr'><strong>eiusmodi</strong></span> <span class='ocrx_word' id='word_1_92' title='bbox 601 1185 879 1239; x_wconf 77' lang='lat' dir='ltr'><strong>largitionem</strong></span> <span class='ocrx_word' id='word_1_93' title='bbox 911 1192 1142 1238; x_wconf 88' lang='lat' dir='ltr'><strong>cuperent,</strong></span> <span class='ocrx_word' id='word_1_94' title='bbox 1182 1193 1230 1224; x_wconf 84' lang='lat' dir='ltr'><strong>ut</strong></span> <span class='ocrx_word' id='word_1_95' title='bbox 1263 1186 1362 1238; x_wconf 89' lang='lat' dir='ltr'><strong>equi</strong></span> <span class='ocrx_word' id='word_1_96' title='bbox 1394 1184 1620 1239; x_wconf 86' lang='lat' dir='ltr'><strong>plebiscito</strong></span> <span class='ocrx_word' id='word_1_97' title='bbox 1653 1184 1800 1241; x_wconf 81' lang='lat' dir='ltr'><strong>aliquo</strong></span> 
     </span>
     <span class='ocr_line' id='line_1_14' title="bbox 354 1260 1802 1316; baseline -0.001 -12"><span class='ocrx_word' id='word_1_98' title='bbox 354 1264 598 1304; x_wconf 81' lang='lat' dir='ltr'>redderent.</span> <span class='ocrx_word' id='word_1_99' title='bbox 661 1262 733 1301; x_wconf 83' lang='lat' dir='ltr'><strong>Ex</strong></span> <span class='ocrx_word' id='word_1_100' title='bbox 763 1275 847 1316; x_wconf 92' lang='lat' dir='ltr'><strong>quo</strong></span> <span class='ocrx_word' id='word_1_101' title='bbox 881 1263 1066 1315; x_wconf 88' lang='lat' dir='ltr'><strong>primum</strong></span> <span class='ocrx_word' id='word_1_102' title='bbox 1098 1261 1141 1300; x_wconf 89' lang='lat' dir='ltr'><strong>id</strong></span> <span class='ocrx_word' id='word_1_103' title='bbox 1167 1260 1443 1316; x_wconf 82' lang='lat' dir='ltr'><strong>intelligitur,</strong></span> <span class='ocrx_word' id='word_1_104' title='bbox 1478 1262 1590 1316; x_wconf 89' lang='lat' dir='ltr'><strong>quod</strong></span> <span class='ocrx_word' id='word_1_105' title='bbox 1612 1262 1664 1302; x_wconf 85' lang='lat' dir='ltr'><strong>ad</strong></span> <span class='ocrx_word' id='word_1_106' title='bbox 1689 1269 1802 1302; x_wconf 85' lang='lat' dir='ltr'><strong>cete-</strong></span> 
     </span>
     <span class='ocr_line' id='line_1_15' title="bbox 353 1338 1802 1397; baseline -0.001 -15"><span class='ocrx_word' id='word_1_107' title='bbox 353 1355 444 1382; x_wconf 82' lang='lat' dir='ltr'><strong>ram</strong></span> <span class='ocrx_word' id='word_1_108' title='bbox 477 1341 779 1397; x_wconf 64' lang='lat' dir='ltr'><strong>quaestionem·</strong></span> <span class='ocrx_word' id='word_1_109' title='bbox 803 1339 855 1379; x_wconf 90' lang='lat' dir='ltr'><strong>de</strong></span> <span class='ocrx_word' id='word_1_110' title='bbox 890 1338 1041 1379; x_wconf 84' lang='lat' dir='ltr'><strong>ordine</strong></span> <span class='ocrx_word' id='word_1_111' title='bbox 1075 1339 1267 1393; x_wconf 86' lang='lat' dir='ltr'><strong>equestri</strong></span> <span class='ocrx_word' id='word_1_112' title='bbox 1309 1353 1396 1379; x_wconf 90' lang='lat' dir='ltr'><strong>non</strong></span> <span class='ocrx_word' id='word_1_113' title='bbox 1433 1340 1587 1395; x_wconf 81' lang='lat' dir='ltr'><strong>exigui</strong></span> <span class='ocrx_word' id='word_1_114' title='bbox 1615 1347 1682 1380; x_wconf 86' lang='lat' dir='ltr'><strong>est</strong></span> <span class='ocrx_word' id='word_1_115' title='bbox 1712 1347 1802 1381; x_wconf 70' lang='lat' dir='ltr'><strong>nso-</strong></span> 
     </span>
     <span class='ocr_line' id='line_1_16' title="bbox 355 1416 1804 1470; baseline -0.001 -11"><span class='ocrx_word' id='word_1_116' title='bbox 355 1419 512 1468; x_wconf 85' lang='lat' dir='ltr'><strong>menti,</strong></span> <span class='ocrx_word' id='word_1_117' title='bbox 560 1418 605 1459; x_wconf 88' lang='lat' dir='ltr'><strong>in</strong></span> <span class='ocrx_word' id='word_1_118' title='bbox 651 1417 857 1458; x_wconf 85' lang='lat' dir='ltr'><strong>centuriis</strong></span> <span class='ocrx_word' id='word_1_119' title='bbox 901 1417 1119 1470; x_wconf 85' lang='lat' dir='ltr'><strong>equitum,</strong></span> <span class='ocrx_word' id='word_1_120' title='bbox 1169 1429 1262 1470; x_wconf 82' lang='lat' dir='ltr'><strong>quae</strong></span> <span class='ocrx_word' id='word_1_121' title='bbox 1296 1430 1400 1456; x_wconf 83' lang='lat' dir='ltr'><strong>sane</strong></span> <span class='ocrx_word' id='word_1_122' title='bbox 1430 1418 1556 1456; x_wconf 91' lang='lat' dir='ltr'><strong>initio</strong></span> <span class='ocrx_word' id='word_1_123' title='bbox 1588 1431 1674 1458; x_wconf 91' lang='lat' dir='ltr'><strong>non</strong></span> <span class='ocrx_word' id='word_1_124' title='bbox 1705 1416 1804 1458; x_wconf 78' lang='lat' dir='ltr'><strong>aliae</strong></span> 
     </span>
     <span class='ocr_line' id='line_1_17' title="bbox 355 1491 1797 1550; baseline -0.001 -13"><span class='ocrx_word' id='word_1_125' title='bbox 355 1504 478 1537; x_wconf 85' lang='lat' dir='ltr'><strong>erant</strong></span> <span class='ocrx_word' id='word_1_126' title='bbox 519 1509 646 1550; x_wconf 85' lang='lat' dir='ltr'><strong>quam</strong></span> <span class='ocrx_word' id='word_1_127' title='bbox 679 1502 830 1534; x_wconf 82' lang='lat' dir='ltr'><strong>turmae</strong></span> <span class='ocrx_word' id='word_1_128' title='bbox 875 1491 1086 1533; x_wconf 81' lang='lat' dir='ltr'><strong>militares</strong></span> <span class='ocrx_word' id='word_1_129' title='bbox 1128 1493 1348 1548; x_wconf 86' lang='lat' dir='ltr'><strong>equitum,</strong></span> <span class='ocrx_word' id='word_1_130' title='bbox 1393 1496 1609 1538; x_wconf 85' lang='lat' dir='ltr'><strong>neminem</strong></span> <span class='ocrx_word' id='word_1_131' title='bbox 1647 1494 1797 1544; x_wconf 79' lang='lat' dir='ltr'><strong>fuisse,</strong></span> 
     </span>
     <span class='ocr_line' id='line_1_18' title="bbox 354 1554 1799 1627; baseline -0.001 -13"><span class='ocrx_word' id='word_1_132' title='bbox 354 1575 438 1614; x_wconf 87' lang='lat' dir='ltr'><strong>nisi</strong></span> <span class='ocrx_word' id='word_1_133' title='bbox 473 1574 546 1627; x_wconf 90' lang='lat' dir='ltr'><strong>qui</strong></span> <span class='ocrx_word' id='word_1_134' title='bbox 575 1586 732 1626; x_wconf 88' lang='lat' dir='ltr'><strong>equum</strong></span> <span class='ocrx_word' id='word_1_135' title='bbox 765 1554 986 1625; x_wconf 72' lang='lat' dir='ltr'><strong>publicum</strong></span> <span class='ocrx_word' id='word_1_136' title='bbox 1026 1569 1221 1610; x_wconf 85' lang='lat' dir='ltr'><strong>haberet.</strong></span> <span class='ocrx_word' id='word_1_137' title='bbox 1295 1570 1449 1627; x_wconf 81' lang='lat' dir='ltr'><strong>Neque</strong></span> <span class='ocrx_word' id='word_1_138' title='bbox 1496 1574 1609 1612; x_wconf 86' lang='lat' dir='ltr'><strong>enim</strong></span> <span class='ocrx_word' id='word_1_139' title='bbox 1658 1571 1799 1621; x_wconf 80' lang='lat' dir='ltr'><strong>aliter,</strong></span> 
     </span>
     <span class='ocr_line' id='line_1_19' title="bbox 354 1647 1804 1707; baseline -0.001 -15"><span class='ocrx_word' id='word_1_140' title='bbox 354 1649 632 1693; x_wconf 85' lang='lat' dir='ltr'><strong>reddentibus</strong></span> <span class='ocrx_word' id='word_1_141' title='bbox 663 1663 796 1704; x_wconf 87' lang='lat' dir='ltr'><strong>equos</strong></span> <span class='ocrx_word' id='word_1_142' title='bbox 826 1647 1122 1697; x_wconf 84' lang='lat' dir='ltr'><strong>senatoribus,</strong></span> <span class='ocrx_word' id='word_1_143' title='bbox 1165 1647 1336 1690; x_wconf 83' lang='lat' dir='ltr'><strong>sublata</strong></span> <span class='ocrx_word' id='word_1_144' title='bbox 1367 1659 1481 1690; x_wconf 85' lang='lat' dir='ltr'><strong>esset</strong></span> <span class='ocrx_word' id='word_1_145' title='bbox 1521 1650 1625 1702; x_wconf 79' lang='lat' dir='ltr'><strong>illa,</strong></span> <span class='ocrx_word' id='word_1_146' title='bbox 1672 1647 1804 1707; x_wconf 40' lang='lat' dir='ltr'><strong>quam*</strong></span> 
     </span>
     <span class='ocr_line' id='line_1_20' title="bbox 354 1725 1800 1782; baseline 0 -13"><span class='ocrx_word' id='word_1_147' title='bbox 354 1730 480 1778; x_wconf 78' lang='lat' dir='ltr'><strong>dicit,</strong></span> <span class='ocrx_word' id='word_1_148' title='bbox 526 1727 707 1770; x_wconf 80' lang='lat' dir='ltr'><strong>utilitas.</strong></span> <span class='ocrx_word' id='word_1_149' title='bbox 771 1726 928 1782; x_wconf 76' lang='lat' dir='ltr'><strong>Atque-</strong></span> <span class='ocrx_word' id='word_1_150' title='bbox 953 1725 1035 1767; x_wconf 89' lang='lat' dir='ltr'><strong>hoc</strong></span> <span class='ocrx_word' id='word_1_151' title='bbox 1081 1741 1105 1766; x_wconf 84' lang='lat' dir='ltr'>a</span> <span class='ocrx_word' id='word_1_152' title='bbox 1139 1741 1207 1767; x_wconf 90' lang='lat' dir='ltr'><strong>me</strong></span> <span class='ocrx_word' id='word_1_153' title='bbox 1239 1728 1549 1778; x_wconf 79' lang='lat' dir='ltr'><strong>animadverti,</strong></span> <span class='ocrx_word' id='word_1_154' title='bbox 1582 1727 1800 1769; x_wconf 81' lang='lat' dir='ltr'><strong>mirabun-</strong></span> 
     </span>
     <span class='ocr_line' id='line_1_21' title="bbox 354 1803 1799 1863; baseline -0.001 -17"><span class='ocrx_word' id='word_1_155' title='bbox 354 1817 438 1857; x_wconf 85' lang='lat' dir='ltr'><strong>tur,</strong></span> <span class='ocrx_word' id='word_1_156' title='bbox 472 1806 545 1863; x_wconf 87' lang='lat' dir='ltr'><strong>qui</strong></span> <span class='ocrx_word' id='word_1_157' title='bbox 573 1819 597 1848; x_wconf 88' lang='lat' dir='ltr'><strong>e</strong></span> <span class='ocrx_word' id='word_1_158' title='bbox 626 1803 880 1860; x_wconf 81' lang='lat' dir='ltr'><strong>vulgaribus</strong></span> <span class='ocrx_word' id='word_1_159' title='bbox 901 1806 1205 1859; x_wconf 83' lang='lat' dir='ltr'><strong>antiquitatum</strong></span> <span class='ocrx_word' id='word_1_160' title='bbox 1235 1804 1359 1846; x_wconf 86' lang='lat' dir='ltr'><strong>libris</strong></span> <span class='ocrx_word' id='word_1_161' title='bbox 1392 1806 1648 1855; x_wconf 87' lang='lat' dir='ltr'><strong>didicerunt,</strong></span> <span class='ocrx_word' id='word_1_162' title='bbox 1679 1807 1799 1860; x_wconf 84' lang='lat' dir='ltr'><strong>equi-</strong></span> 
     </span>
     <span class='ocr_line' id='line_1_22' title="bbox 354 1867 1798 1939; baseline -0.002 -14"><span class='ocrx_word' id='word_1_163' title='bbox 354 1894 440 1925; x_wconf 82' lang='lat' dir='ltr'><strong>tem</strong></span> <span class='ocrx_word' id='word_1_164' title='bbox 471 1867 596 1925; x_wconf 77' lang='lat' dir='ltr'><strong>Roln.</strong></span> <span class='ocrx_word' id='word_1_165' title='bbox 630 1883 791 1934; x_wconf 84' lang='lat' dir='ltr'><strong>fuisse,</strong></span> <span class='ocrx_word' id='word_1_166' title='bbox 840 1883 910 1922; x_wconf 87' lang='lat' dir='ltr'><strong>cui</strong></span> <span class='ocrx_word' id='word_1_167' title='bbox 948 1897 1082 1938; x_wconf 87' lang='lat' dir='ltr'><strong>equus</strong></span> <span class='ocrx_word' id='word_1_168' title='bbox 1115 1882 1315 1939; x_wconf 83' lang='lat' dir='ltr'><strong>publicus</strong></span> <span class='ocrx_word' id='word_1_169' title='bbox 1351 1898 1376 1924; x_wconf 88' lang='lat' dir='ltr'>a</span> <span class='ocrx_word' id='word_1_170' title='bbox 1408 1897 1586 1927; x_wconf 84' lang='lat' dir='ltr'><strong>censore</strong></span> <span class='ocrx_word' id='word_1_171' title='bbox 1613 1881 1798 1923; x_wconf 85' lang='lat' dir='ltr'><strong>tributus</strong></span> 
     </span>
     <span class='ocr_line' id='line_1_23' title="bbox 354 1960 1799 2016; baseline -0.001 -13"><span class='ocrx_word' id='word_1_172' title='bbox 354 1970 493 2009; x_wconf 81' lang='lat' dir='ltr'><strong>esset3</strong></span> <span class='ocrx_word' id='word_1_173' title='bbox 535 1961 610 2001; x_wconf 88' lang='lat' dir='ltr'><strong>sed</strong></span> <span class='ocrx_word' id='word_1_174' title='bbox 653 1960 780 2001; x_wconf 89' lang='lat' dir='ltr'><strong>multi</strong></span> <span class='ocrx_word' id='word_1_175' title='bbox 808 1974 894 2000; x_wconf 91' lang='lat' dir='ltr'><strong>non</strong></span> <span class='ocrx_word' id='word_1_176' title='bbox 923 1960 1064 2001; x_wconf 86' lang='lat' dir='ltr'><strong>solum</strong></span> <span class='ocrx_word' id='word_1_177' title='bbox 1094 1963 1284 2016; x_wconf 86' lang='lat' dir='ltr'><strong>equestri</strong></span> <span class='ocrx_word' id='word_1_178' title='bbox 1315 1976 1445 2002; x_wconf 84' lang='lat' dir='ltr'><strong>censu</strong></span> <span class='ocrx_word' id='word_1_179' title='bbox 1476 1962 1677 2011; x_wconf 85' lang='lat' dir='ltr'><strong>fuerunt,</strong></span> <span class='ocrx_word' id='word_1_180' title='bbox 1722 1961 1799 2001; x_wconf 88' lang='lat' dir='ltr'><strong>sed</strong></span> 
     </span>
     <span class='ocr_line' id='line_1_24' title="bbox 355 2037 1798 2095; baseline -0.001 -15"><span class='ocrx_word' id='word_1_181' title='bbox 355 2041 522 2095; x_wconf 87' lang='lat' dir='ltr'><strong>equites</strong></span> <span class='ocrx_word' id='word_1_182' title='bbox 565 2037 795 2094; x_wconf 77' lang='lat' dir='ltr'><strong>appellati,</strong></span> <span class='ocrx_word' id='word_1_183' title='bbox 849 2039 921 2093; x_wconf 88' lang='lat' dir='ltr'><strong>qui</strong></span> <span class='ocrx_word' id='word_1_184' title='bbox 962 2053 1119 2094; x_wconf 85' lang='lat' dir='ltr'><strong>equum</strong></span> <span class='ocrx_word' id='word_1_185' title='bbox 1163 2038 1384 2093; x_wconf 88' lang='lat' dir='ltr'><strong>publicum</strong></span> <span class='ocrx_word' id='word_1_186' title='bbox 1421 2053 1508 2079; x_wconf 91' lang='lat' dir='ltr'><strong>non</strong></span> <span class='ocrx_word' id='word_1_187' title='bbox 1540 2038 1798 2079; x_wconf 80' lang='lat' dir='ltr'><strong>habuerunt.</strong></span> 
     </span>
     <span class='ocr_line' id='line_1_25' title="bbox 352 2115 1796 2172; baseline -0.001 -14"><span class='ocrx_word' id='word_1_188' title='bbox 352 2117 521 2158; x_wconf 84' lang='lat' dir='ltr'><strong>Deinde</strong></span> <span class='ocrx_word' id='word_1_189' title='bbox 562 2118 648 2156; x_wconf 79' lang='lat' dir='ltr'><strong>iam</strong></span> <span class='ocrx_word' id='word_1_190' title='bbox 682 2116 935 2166; x_wconf 85' lang='lat' dir='ltr'><strong>concidunt,</strong></span> <span class='ocrx_word' id='word_1_191' title='bbox 968 2130 1060 2171; x_wconf 84' lang='lat' dir='ltr'><strong>quae</strong></span> <span class='ocrx_word' id='word_1_192' title='bbox 1090 2115 1358 2160; x_wconf 81' lang='lat' dir='ltr'><strong>Niebuhrius</strong></span> <span class='ocrx_word' id='word_1_193' title='bbox 1385 2116 1501 2159; x_wconf 84' lang='lat' dir='ltr'><strong>Hist.</strong></span> <span class='ocrx_word' id='word_1_194' title='bbox 1530 2116 1655 2159; x_wconf 87' lang='lat' dir='ltr'><strong>Rom.</strong></span> <span class='ocrx_word' id='word_1_195' title='bbox 1689 2116 1722 2157; x_wconf 87' lang='grc' dir='ltr'><strong>Ι.</strong></span> <span class='ocrx_word' id='word_1_196' title='bbox 1755 2131 1796 2172; x_wconf 90' lang='lat' dir='ltr'><strong>p.</strong></span> 
     </span>
     <span class='ocr_line' id='line_1_26' title="bbox 352 2192 1798 2249; baseline -0.001 -15"><span class='ocrx_word' id='word_1_197' title='bbox 352 2196 435 2234; x_wconf 78' lang='lat'><strong>456</strong></span> <span class='ocrx_word' id='word_1_198' title='bbox 466 2194 518 2233; x_wconf 92' lang='lat' dir='ltr'><strong>de</strong></span> <span class='ocrx_word' id='word_1_199' title='bbox 554 2193 634 2233; x_wconf 87' lang='lat' dir='ltr'><strong>hoc</strong></span> <span class='ocrx_word' id='word_1_200' title='bbox 668 2192 764 2235; x_wconf 88' lang='lat' dir='ltr'><strong>loco</strong></span> <span class='ocrx_word' id='word_1_201' title='bbox 796 2193 1047 2247; x_wconf 83' lang='lat' dir='ltr'><strong>disputavit,</strong></span> <span class='ocrx_word' id='word_1_202' title='bbox 1078 2208 1178 2244; x_wconf 88' lang='lat' dir='ltr'><strong>non,</strong></span> <span class='ocrx_word' id='word_1_203' title='bbox 1212 2194 1322 2249; x_wconf 90' lang='lat' dir='ltr'><strong>quod</strong></span> <span class='ocrx_word' id='word_1_204' title='bbox 1357 2201 1443 2242; x_wconf 75' lang='lat' dir='ltr'><strong>est,</strong></span> <span class='ocrx_word' id='word_1_205' title='bbox 1478 2193 1531 2234; x_wconf 80' lang='lat' dir='ltr'><strong>ad</strong></span> <span class='ocrx_word' id='word_1_206' title='bbox 1560 2202 1798 2243; x_wconf 79' lang='lat' dir='ltr'><strong>senatores,</strong></span> 
     </span>
     <span class='ocr_line' id='line_1_27' title="bbox 353 2269 1797 2324; baseline -0.001 -13"><span class='ocrx_word' id='word_1_207' title='bbox 353 2271 427 2312; x_wconf 87' lang='lat' dir='ltr'><strong>sed</strong></span> <span class='ocrx_word' id='word_1_208' title='bbox 464 2271 517 2310; x_wconf 82' lang='lat' dir='ltr'><strong>ad</strong></span> <span class='ocrx_word' id='word_1_209' title='bbox 549 2283 697 2310; x_wconf 85' lang='lat' dir='ltr'><strong>onmes</strong></span> <span class='ocrx_word' id='word_1_210' title='bbox 729 2271 894 2324; x_wconf 89' lang='lat' dir='ltr'><strong>equites</strong></span> <span class='ocrx_word' id='word_1_211' title='bbox 935 2269 1045 2310; x_wconf 79' lang='lat' dir='ltr'><strong>hane</strong></span> <span class='ocrx_word' id='word_1_212' title='bbox 1083 2285 1290 2324; x_wconf 89' lang='lat' dir='ltr'><strong>equorum</strong></span> <span class='ocrx_word' id='word_1_213' title='bbox 1331 2271 1645 2312; x_wconf 84' lang='lat' dir='ltr'><strong>reddendorum</strong></span> <span class='ocrx_word' id='word_1_214' title='bbox 1680 2284 1797 2311; x_wconf 83' lang='lat' dir='ltr'><strong>men-</strong></span> 
     </span>
     <span class='ocr_line' id='line_1_28' title="bbox 354 2347 1797 2404; baseline 0 -15"><span class='ocrx_word' id='word_1_215' title='bbox 354 2351 515 2389; x_wconf 80' lang='lat' dir='ltr'><strong>tionem</strong></span> <span class='ocrx_word' id='word_1_216' title='bbox 549 2355 743 2402; x_wconf 76' lang='lat' dir='ltr'><strong>spectare</strong></span> <span class='ocrx_word' id='word_1_217' title='bbox 774 2355 913 2395; x_wconf 82' lang='lat' dir='ltr'><strong>ratus3</strong></span> <span class='ocrx_word' id='word_1_218' title='bbox 962 2361 1045 2402; x_wconf 89' lang='lat' dir='ltr'><strong>quo</strong></span> <span class='ocrx_word' id='word_1_219' title='bbox 1084 2347 1181 2388; x_wconf 90' lang='lat' dir='ltr'><strong>loco</strong></span> <span class='ocrx_word' id='word_1_220' title='bbox 1220 2357 1431 2404; x_wconf 62' lang='lat' dir='ltr'><strong>praeterea</strong></span> <span class='ocrx_word' id='word_1_221' title='bbox 1463 2349 1666 2389; x_wconf 78' lang='lat' dir='ltr'><strong>damnum</strong></span> <span class='ocrx_word' id='word_1_222' title='bbox 1698 2347 1797 2390; x_wconf 83' lang='lat' dir='ltr'><strong>illa-</strong></span> 
     </span>
     <span class='ocr_line' id='line_1_29' title="bbox 355 2425 1794 2482; baseline -0.001 -15"><span class='ocrx_word' id='word_1_223' title='bbox 355 2438 443 2468; x_wconf 85' lang='lat' dir='ltr'><strong>tum</strong></span> <span class='ocrx_word' id='word_1_224' title='bbox 478 2428 556 2476; x_wconf 87' lang='lat' dir='ltr'><strong>iis,</strong></span> <span class='ocrx_word' id='word_1_225' title='bbox 593 2426 666 2480; x_wconf 89' lang='lat' dir='ltr'><strong>qui</strong></span> <span class='ocrx_word' id='word_1_226' title='bbox 703 2438 836 2480; x_wconf 88' lang='lat' dir='ltr'><strong>equos</strong></span> <span class='ocrx_word' id='word_1_227' title='bbox 872 2425 1051 2466; x_wconf 85' lang='lat' dir='ltr'><strong>reddere</strong></span> <span class='ocrx_word' id='word_1_228' title='bbox 1086 2434 1370 2481; x_wconf 84' lang='lat' dir='ltr'><strong>cogerentur,</strong></span> <span class='ocrx_word' id='word_1_229' title='bbox 1413 2426 1646 2482; x_wconf 82' lang='lat' dir='ltr'><strong>intelligit,</strong></span> <span class='ocrx_word' id='word_1_230' title='bbox 1683 2427 1794 2482; x_wconf 89' lang='lat' dir='ltr'><strong>quod</strong></span> 
     </span>
     <span class='ocr_line' id='line_1_30' title="bbox 355 2502 1794 2560; baseline -0.001 -14"><span class='ocrx_word' id='word_1_231' title='bbox 355 2520 433 2546; x_wconf 82' lang='lat' dir='ltr'><strong>nec</strong></span> <span class='ocrx_word' id='word_1_232' title='bbox 478 2518 567 2545; x_wconf 74' lang='lat' dir='ltr'><strong>reni</strong></span> <span class='ocrx_word' id='word_1_233' title='bbox 609 2504 860 2558; x_wconf 83' lang='lat' dir='ltr'><strong>permittere</strong></span> <span class='ocrx_word' id='word_1_234' title='bbox 903 2517 982 2543; x_wconf 86' lang='lat' dir='ltr'><strong>nec</strong></span> <span class='ocrx_word' id='word_1_235' title='bbox 1032 2502 1165 2544; x_wconf 83' lang='lat' dir='ltr'><strong>verba</strong></span> <span class='ocrx_word' id='word_1_236' title='bbox 1205 2503 1442 2554; x_wconf 80' lang='lat' dir='ltr'><strong>Ciceronis,</strong></span> <span class='ocrx_word' id='word_1_237' title='bbox 1485 2505 1624 2546; x_wconf 82' lang='lat' dir='ltr'><strong>dicam</strong></span> <span class='ocrx_word' id='word_1_238' title='bbox 1664 2505 1794 2560; x_wconf 86' lang='lat' dir='ltr'><strong>paulo</strong></span> 
     </span>
     <span class='ocr_line' id='line_1_31' title="bbox 355 2582 1795 2640; baseline -0.001 -16"><span class='ocrx_word' id='word_1_239' title='bbox 355 2592 463 2640; x_wconf 82' lang='lat' dir='ltr'><strong>post.</strong></span> <span class='ocrx_word' id='word_1_240' title='bbox 530 2582 612 2624; x_wconf 79' lang='lat' dir='ltr'><strong>Sed</strong></span> <span class='ocrx_word' id='word_1_241' title='bbox 642 2595 773 2621; x_wconf 84' lang='lat' dir='ltr'><strong>unum</strong></span> <span class='ocrx_word' id='word_1_242' title='bbox 807 2582 982 2636; x_wconf 81' lang='lat' dir='ltr'><strong>egregie</strong></span> <span class='ocrx_word' id='word_1_243' title='bbox 1016 2582 1345 2632; x_wconf 81' lang='lat' dir='ltr'><strong>animadvertit,</strong></span> <span class='ocrx_word' id='word_1_244' title='bbox 1376 2584 1437 2624; x_wconf 82' lang='lat' dir='ltr'><strong>ita</strong></span> <span class='ocrx_word' id='word_1_245' title='bbox 1468 2582 1559 2624; x_wconf 85' lang='lat' dir='ltr'><strong>haec</strong></span> <span class='ocrx_word' id='word_1_246' title='bbox 1588 2582 1668 2623; x_wconf 88' lang='lat' dir='ltr'><strong>sub</strong></span> <span class='ocrx_word' id='word_1_247' title='bbox 1700 2598 1795 2638; x_wconf 81' lang='lat' dir='ltr'><strong>per-</strong></span> 
     </span>
     <span class='ocr_line' id='line_1_32' title="bbox 353 2659 1794 2715; baseline -0.001 -13"><span class='ocrx_word' id='word_1_248' title='bbox 353 2677 460 2702; x_wconf 74' lang='lat' dir='ltr'><strong>sona</strong></span> <span class='ocrx_word' id='word_1_249' title='bbox 492 2660 689 2702; x_wconf 81' lang='lat' dir='ltr'><strong>Africani</strong></span> <span class='ocrx_word' id='word_1_250' title='bbox 720 2659 925 2713; x_wconf 82' lang='lat' dir='ltr'><strong>proferri,</strong></span> <span class='ocrx_word' id='word_1_251' title='bbox 967 2667 1013 2698; x_wconf 83' lang='lat' dir='ltr'><strong>ut</strong></span> <span class='ocrx_word' id='word_1_252' title='bbox 1044 2674 1138 2709; x_wconf 88' lang='lat' dir='ltr'><strong>res,</strong></span> <span class='ocrx_word' id='word_1_253' title='bbox 1169 2674 1262 2715; x_wconf 80' lang='lat' dir='ltr'><strong>quae</strong></span> <span class='ocrx_word' id='word_1_254' title='bbox 1295 2660 1365 2701; x_wconf 84' lang='lat' dir='ltr'><strong>hic</strong></span> <span class='ocrx_word' id='word_1_255' title='bbox 1391 2675 1416 2701; x_wconf 82' lang='lat' dir='ltr'>a</span> <span class='ocrx_word' id='word_1_256' title='bbox 1449 2660 1670 2701; x_wconf 84' lang='lat' dir='ltr'><strong>nonnullis</strong></span> <span class='ocrx_word' id='word_1_257' title='bbox 1703 2668 1794 2701; x_wconf 84' lang='lat' dir='ltr'><strong>ten-</strong></span> 
     </span>
     <span class='ocr_line' id='line_1_33' title="bbox 355 2737 1792 2793; baseline -0.003 -12"><span class='ocrx_word' id='word_1_258' title='bbox 355 2742 433 2781; x_wconf 75' lang='grc' dir='ltr'><strong>ίειιί</strong></span> <span class='ocrx_word' id='word_1_259' title='bbox 465 2740 656 2789; x_wconf 80' lang='lat' dir='ltr'><strong>dicatur,</strong></span> <span class='ocrx_word' id='word_1_260' title='bbox 690 2737 820 2793; x_wconf 80' lang='lat' dir='ltr'><strong>paulo</strong></span> <span class='ocrx_word' id='word_1_261' title='bbox 852 2744 945 2792; x_wconf 80' lang='lat' dir='ltr'><strong>post</strong></span> <span class='ocrx_word' id='word_1_262' title='bbox 980 2737 1091 2778; x_wconf 80' lang='lat' dir='ltr'><strong>sacta</strong></span> <span class='ocrx_word' id='word_1_263' title='bbox 1124 2751 1219 2778; x_wconf 83' lang='lat' dir='ltr'><strong>esse</strong></span> <span class='ocrx_word' id='word_1_264' title='bbox 1252 2740 1392 2792; x_wconf 81' lang='lat' dir='ltr'><strong>putari</strong></span> <span class='ocrx_word' id='word_1_265' title='bbox 1419 2738 1598 2788; x_wconf 80' lang='lat' dir='ltr'><strong>debeat,</strong></span> <span class='ocrx_word' id='word_1_266' title='bbox 1644 2738 1685 2778; x_wconf 88' lang='lat' dir='ltr'><strong>id</strong></span> <span class='ocrx_word' id='word_1_267' title='bbox 1715 2748 1792 2778; x_wconf 79' lang='lat' dir='ltr'><strong>est.</strong></span> 
     </span>
     <span class='ocr_line' id='line_1_34' title="bbox 357 2814 1791 2872; baseline -0.003 -14"><span class='ocrx_word' id='word_1_268' title='bbox 357 2817 483 2872; x_wconf 70' lang='lat' dir='ltr'><strong>paulo</strong></span> <span class='ocrx_word' id='word_1_269' title='bbox 513 2824 608 2872; x_wconf 82' lang='lat' dir='ltr'><strong>post</strong></span> <span class='ocrx_word' id='word_1_270' title='bbox 643 2815 691 2861; x_wconf 81' lang='lat' dir='ltr'><strong>C.</strong></span> <span class='ocrx_word' id='word_1_271' title='bbox 726 2816 1028 2870; x_wconf 77' lang='lat' dir='ltr'><strong>Sempronium</strong></span> <span class='ocrx_word' id='word_1_272' title='bbox 1057 2824 1098 2856; x_wconf 80' lang='lat' dir='ltr'><strong>et</strong></span> <span class='ocrx_word' id='word_1_273' title='bbox 1123 2814 1196 2856; x_wconf 84' lang='grc' dir='ltr'><strong>Μ’.</strong></span> <span class='ocrx_word' id='word_1_274' title='bbox 1229 2815 1470 2870; x_wconf 78' lang='lat' dir='ltr'><strong>Aquinium</strong></span> <span class='ocrx_word' id='word_1_275' title='bbox 1505 2814 1627 2857; x_wconf 86' lang='lat' dir='ltr'><strong>Coss.</strong></span> <span class='ocrx_word' id='word_1_276' title='bbox 1661 2818 1719 2865; x_wconf 72' lang='lat' dir='ltr'><strong>(a.</strong></span> <span class='ocrx_word' id='word_1_277' title='bbox 1752 2830 1791 2855; x_wconf 86' lang='lat' dir='ltr'><strong>u.</strong></span> 
     </span>
    </p>
   </div>
   <div class='ocr_carea' id='block_1_3' title="bbox 1946 0 1981 868">
    <p class='ocr_par' dir='ltr' id='par_1_3' title="bbox 1946 0 1981 868">
     <span class='ocr_line' id='line_1_35' title="bbox 1946 0 1981 868; baseline 0 0"><span class='ocrx_word' id='word_1_278' title='bbox 1946 0 1981 868; x_wconf 95' lang='lat' dir='ltr'><strong> </strong></span> 
     </span>
    </p>
   </div>
  </div>
 </body>
</html>
