1981 3390
853 637 901 699 1.

188 770 277 826 De
321 769 389 826 L.
410 769 646 842 Apuleii
675 768 1012 842 fragmentis
1049 770 1123 824 (le
1159 768 1562 844 orthographia

582 882 766 938 nuper
809 866 1063 920 inventis
1090 863 1160 935 ¹).

145 1111 418 1200 Institutum
449 1166 514 1200 est
533 1172 652 1200 more
673 1159 885 1201 maiorum
920 1168 961 1201 et
994 1160 1080 1202 iam
1111 1159 1208 1215 ipsa
1238 1166 1455 1200 vetustate
1479 1160 1605 1215 quasi

144 1244 366 1290 sanctum,
401 1246 448 1278 ut
478 1238 737 1290 academiae,
774 1240 944 1295 quoties
976 1239 1021 1279 in
1049 1236 1237 1294 publica:
1269 1235 1431 1278 laetitiae
1466 1239 1604 1278 socie-

146 1323 278 1356 tatem
312 1317 505 1367 veniant‚
535 1315 757 1371 festosque
788 1325 937 1357 coetus
968 1315 1288 1365 concelebrent,
1318 1315 1361 1356 id
1394 1313 1506 1371 quod
1526 1330 1603 1356 no-

145 1403 235 1434 stra
264 1393 486 1434 academia
518 1395 632 1434 intra
662 1409 824 1449 paucos
856 1395 948 1435 dies
979 1408 1148 1435 summo
1178 1401 1219 1434 et
1249 1395 1343 1434 iure
1377 1403 1419 1434 et
1448 1392 1604 1434 volun-

144 1479 232 1512 tate
261 1470 407 1522 faciet,
439 1471 656 1512 studiosos
685 1471 910 1512 literarum
942 1471 1142 1512 homines
1176 1471 1230 1511 ad
1260 1483 1335 1511 eos
1363 1479 1605 1512 conventus

142 1548 480 1605 frequentandos
514 1550 642 1591 editis
675 1548 1115 1606 commentationibus
1142 1549 1344 1589 invitent.
1406 1546 1604 1597 Quarum

144 1637 400 1684 argumenta
439 1630 512 1685 qui
547 1628 599 1669 ad
633 1629 752 1683 ipsas
791 1628 968 1670 laetandi
1011 1641 1164 1670 causas
1203 1624 1489 1668 similitudine
1522 1625 1604 1668 ali-

143 1721 228 1762 qua
260 1715 302 1748 et
335 1709 657 1763 opportunitate
689 1708 1043 1758 accommodant,
1087 1706 1252 1747 faciunt
1285 1718 1390 1746 sane
1424 1703 1603 1761 elegan-

142 1791 233 1836 ter,
295 1785 407 1840 quod
442 1785 495 1826 ad
525 1800 672 1827 earum
704 1801 850 1828 rerum
879 1787 1181 1828 tractationem
1226 1783 1394 1824 animos
1427 1791 1602 1835 vocant,

142 1862 196 1903 ad
230 1878 336 1919 quas
367 1865 452 1920 ipsi
482 1866 608 1920 proni
645 1874 770 1914 sunt3
833 1866 910 1906 sed
944 1874 1088 1905 tamen
1128 1855 1215 1903 non
1253 1858 1340 1902 tam
1375 1861 1482 1902 mihi
1518 1860 1602 1902 hoc

141 1943 435 1982 necessarium
467 1942 639 1983 videtur
671 1958 794 1994 esso,
826 1951 873 1983 ut
901 1941 1027 1983 aliter
1058 1939 1155 1981 fieri
1190 1937 1309 1980 nullo
1343 1939 1471 1980 modo
1500 1953 1602 1993 pos-

142 2018 213 2057 sit.
302 2017 414 2059 Nam
451 2034 581 2074 quum
627 2021 668 2060 id
711 2020 818 2060 mihi
858 2019 928 2060 hic
975 2032 1066 2060 mos
1101 2015 1351 2072 significare
1385 2016 1601 2068 videatur,

143 2109 345 2150 magnam
380 2103 422 2135 et
453 2094 673 2150 publicam
707 2095 930 2146 lzcffliam,
989 2097 1035 2136 in
1067 2092 1316 2135 hominibus
1357 2095 1599 2148 praesertim

141 2171 351 2222 literatis,
397 2185 483 2212 non
517 2173 710 2213 desidem
742 2182 784 2213 et
817 2172 1020 2213 frivolam
1055 2187 1176 2224 esse,
1223 2171 1299 2212 sed
1329 2171 1374 2210 in
1404 2172 1498 2226 ipso
1531 2171 1598 2213 la-

142 2247 247 2291 bore
278 2257 321 2290 et
348 2250 402 2289 iis
433 2250 612 2301 studiis,
650 2265 743 2307 quac
777 2265 908 2306 quum
940 2251 1189 2306 gratissima
1221 2249 1333 2300 sint,
1373 2262 1458 2289 non
1489 2248 1599 2290 laeti-

142 2328 212 2369 tiae
255 2342 385 2369 causa
428 2342 488 2368 ex
530 2330 686 2370 animis
731 2338 936 2385 tanquam
970 2343 1128 2385 graves
1167 2341 1279 2369 curae
1311 2326 1598 2382 deponantur,

143 2404 413 2447 alacritatem
445 2407 659 2462 quandam
690 2409 846 2448 animis
881 2407 1077 2458 adferre,
1123 2407 1185 2447 ita
1215 2414 1263 2446 ut
1294 2405 1458 2447 fructus
1492 2421 1598 2462 quo-

145 2499 227 2540 que
255 2484 495 2526 studiorum
525 2484 734 2527 libentius
765 2494 855 2527 tum
884 2484 1184 2542 proferantur,
1243 2499 1339 2525 eam
1377 2483 1598 2540 significa·

171 2601 209 2644 ¹)
237 2600 387 2645 Scripta
414 2612 447 2634 a.
474 2602 767 2638 MDCCCXXIX
794 2605 944 2644 aestate,
985 2614 1100 2646 quum
1125 2604 1215 2636 vota
1241 2613 1309 2646 pro
1336 2600 1441 2635 felici
1469 2600 1598 2634 coniu-

237 2665 300 2708 gio
327 2662 537 2707 principum
564 2664 867 2705 celsissimorum‚
890 2663 1081 2698 Frcdcrici
1097 2663 1324 2696 Ferdinandi
1349 2668 1385 2697 et
1402 2662 1598 2701 Carolinae,

237 2723 338 2769 regis
364 2724 620 2769 augustissimi
644 2725 742 2768 mim,
770 2725 807 2760 in
840 2730 948 2759 coctu
973 2717 1186 2760 academico
1217 2724 1457 2769 concipienda
1480 2726 1600 2764 erant,

237 2784 398 2830 Bit-gero
423 2785 677 2828 Thorlacim‘
705 2786 768 2833 qui
803 2797 1048 2834 programma
1079 2786 1287 2832 scripturus
1330 2789 1432 2826 erat,
1475 2782 1600 2819 subita

242 2845 363 2880 morbi
392 2846 438 2880 vi·
458 2847 613 2883 afflicto.

1315 2916 1334 2950 l
