1981 3390
852 657 967 719 lv.

251 804 339 857 Dc
384 801 451 856 L.
477 801 621 855 Attii
660 800 1024 855 didascalicis
1064 794 1465 852 commentatio
1493 799 1559 861 ¹).

178 993 312 1110 Qui
346 1040 504 1081 artium
534 1045 577 1078 et
606 1037 832 1079 literarum
860 1039 905 1078 in
934 1036 1122 1077 diversis
1149 1030 1325 1090 populis
1366 1032 1560 1086 origines
1592 1039 1631 1070 ot

173 1132 431 1177 progressus
457 1118 520 1158 ita
549 1119 663 1159 inter
693 1131 741 1159 se
767 1123 1046 1172 componunt,
1069 1122 1117 1154 ut
1146 1126 1234 1154 non
1263 1113 1308 1152 in
1341 1110 1481 1152 altera
1510 1118 1632 1164 partc

175 1198 417 1249 laudanda,
466 1195 607 1238 altera
635 1194 992 1252 reprehendenda
1021 1192 1284 1242 consistant,
1346 1191 1390 1230 in
1427 1202 1511 1244 quo
1542 1186 1633 1242 ple-

175 1289 356 1331 rumque
389 1275 596 1330 iniquitas
626 1288 713 1315 non
749 1273 980 1314 mediocris
1011 1279 1092 1320 est,
1126 1270 1202 1311 sed
1232 1266 1454 1309 naturales
1488 1274 1531 1306 et
1561 1278 1633 1305 ne-

174 1355 387 1395 cessarios
418 1352 569 1394 modos
601 1365 864 1408 cognoscere
894 1350 1119 1400 studeant,
1183 1345 1338 1402 quibus
1371 1342 1633 1400 populorum

173 1432 352 1487 ingenia
387 1429 674 1479 excolantur,
736 1431 818 1480 iis,
877 1443 1008 1484 quum
1053 1442 1078 1468 a
1111 1425 1359 1467 Graecorum
1397 1422 1538 1463 literis
1579 1419 1634 1461 ad

173 1509 354 1550 Latinas
384 1509 664 1558 transierunt,
695 1505 932 1562 singularis
962 1505 1102 1547 videri
1123 1503 1252 1544 debet
1284 1501 1486 1543 celeritas
1518 1512 1631 1555 quae-

174 1588 272 1629 dam
305 1600 457 1628 cursus
490 1594 556 1638 et,
587 1594 635 1626 ut
665 1587 728 1627 ita
760 1585 925 1635 dicam,
957 1591 1057 1625 ante
1091 1591 1276 1638 tempuS,
1306 1594 1393 1621 uon
1426 1578 1631 1635 perfecta,

175 1666 250 1707 sed
281 1665 370 1711 alio
404 1665 591 1720 quodam
625 1664 753 1705 modo
784 1663 934 1705 adulta
965 1663 1119 1703 forma.
1217 1659 1364 1710 Quum
1398 1659 1512 1699 enim
1544 1656 1630 1697 Ro-

176 1746 320 1795 mani,
380 1743 570 1784 nondum
603 1742 835 1798 quidquam
868 1740 1107 1791 habentes,
1165 1724 1277 1795 quod
1304 1738 1631 1794 peregrinorum

176 1822 314 1864 literis
348 1829 641 1878 opponerent,
683 1836 769 1862 non
802 1822 1129 1861 incitamentum
1163 1817 1341 1873 aliquod
1371 1814 1547 1857 aliunde
1578 1813 1631 1854 ad

175 1915 252 1952 ea,
313 1914 407 1956 quae
439 1901 615 1956 propria
641 1900 716 1940 sed
751 1900 876 1940 rudia
909 1907 1079 1947 essent,
1143 1895 1410 1950 expolienda
1442 1892 1632 1946 accepis-

175 1986 299 2028 sent,
352 1978 429 2017 sed
458 1977 713 2017 incidissent
743 1979 789 2016 in
822 1975 1071 2016 Graecorum
1103 1982 1218 2014 artes
1250 1981 1440 2012 maturas
1474 1972 1559 2010 iam
1591 1979 1628 2008 et

177 2068 309 2110 prope
341 2062 618 2094 senescentes
651 2067 810 2109 easque
843 2053 1080 2093 transferre
1112 2051 1167 2091 ad
1196 2064 1243 2090 se
1275 2050 1522 2098 studerent,
1572 2048 1631 2086 ita

177 2143 320 2173 tamen
360 2141 408 2172 ut
447 2132 699 2185 ceteroquin
731 2132 775 2172 in
806 2129 1052 2172 Graecorum
1086 2129 1253 2186 ingenii
1287 2130 1471 2183 vitaeque
1501 2126 1631 2167 ratio-

176 2225 273 2251 nem
305 2224 391 2250 non
418 2210 676 2258 transirent,
709 2210 872 2265 primos
903 2207 1004 2249 illos
1034 2210 1154 2249 nisus
1188 2216 1230 2248 et
1260 2207 1514 2255 conamina,
1547 2205 1631 2259 pri-

175 2302 288 2328 mam
322 2288 509 2343 denique
551 2287 728 2328 illarum
769 2286 994 2328 literarum
1039 2287 1254 2337 formam,
1316 2298 1422 2341 quas
1464 2297 1523 2323 ex
1563 2284 1629 2322 sui

175 2365 328 2421 populi
350 2367 528 2422 ingenio
564 2374 791 2407 nascentes
824 2367 1071 2421 sensimque
1104 2364 1203 2406 laete
1238 2373 1279 2405 et
1314 2378 1411 2405 cum
1452 2362 1632 2403 luxuria

137 2480 149 2492 ᾖ
175 2444 362 2500 quadam
382 2445 426 2485 in
446 2444 577 2485 altius
600 2453 844 2486 crescentes
871 2445 1116 2499 primitivas
1138 2441 1451 2499 appellaverim
1467 2472 1478 2492 ‚
1526 2455 1628 2497 quo-

175 2523 274 2564 dam
300 2523 426 2564 modo
442 2523 775 2564 transsilierunt.
809 2522 936 2573 Quod
951 2524 1063 2563 enim
1085 2523 1427 2579 antiquissimam
1443 2520 1631 2575 aliquam

175 2600 312 2642 fuisse
356 2601 652 2643 Romanorum
705 2603 857 2657 poesin
907 2615 1088 2657 eamque
1146 2600 1200 2642 ab
1249 2601 1390 2642 Ennio
1444 2598 1627 2652 aliisquo.

175 2677 375 2721 obrutam
419 2694 517 2722 esse
549 2682 721 2737 putavit
752 2681 820 2721 vir
853 2682 1084 2736 egregius,
1145 2682 1217 2736 qui
1257 2695 1392 2736 nuper
1440 2693 1462 2717 e
1504 2676 1629 2717 terris

206 2842 240 2876 ¹)
266 2840 512 2885 programma
541 2844 575 2877 in
603 2844 706 2878 sesto*
725 2843 890 2879 natilitio
921 2845 1018 2888 reg-is
1046 2856 1077 2877 a.
1107 2842 1203 2878 1831.
