1981 3390
419 210 512 260 196

348 332 542 374 habitum
576 345 670 373 esse
689 361 700 383 ,
732 331 806 373 sed
840 344 968 387 quum
1003 332 1154 373 eodem
1185 332 1354 375 demum
1377 333 1445 375 die
1469 342 1647 376 vocatus
1666 345 1795 387 esset,

350 412 420 452 die
452 409 687 452 inclinante
721 412 765 449 in
796 418 966 450 noctem
992 411 1248 452 convenisse
1267 413 1592 467 orationemque
1612 414 1796 468 primam

348 489 430 530 hoc
473 489 542 528 die
587 487 663 528 sed
704 487 880 540 vesperi
922 487 1093 528 demum
1138 487 1213 528 vel
1255 503 1377 543 paene
1417 499 1544 529 noctu
1587 488 1794 530 habitam.

348 567 421 608 Sic
454 564 749 619 intelligetur,
783 577 857 603 cur
886 577 970 602 non
1005 562 1117 603 hanc
1147 564 1261 605 dicat
1291 574 1461 607 noctem
1495 565 1631 621 (esset
1661 568 1793 617 enim,

348 657 430 697 qua
472 644 564 696 ipsc
608 640 803 689 diceret,)
856 639 932 679 sed
975 640 1096 680 illam
1141 649 1183 680 et
1233 646 1519 695 superiorem,
1564 651 1605 684 et
1648 652 1793 684 tamen

345 721 469 759 initio
510 717 690 757 eandem
714 719 963 769 proximam
997 715 1210 770 appellet,
1253 726 1300 758 ut
1343 721 1539 773 superior
1572 722 1655 771 sit,
1698 734 1791 775 quae

346 795 460 836 ultra
492 809 590 835 eam
623 795 701 841 sit3
735 793 970 847 eademque
1002 807 1131 833 causa
1163 793 1298 835 fuisse
1329 794 1564 849 putabitur,
1598 810 1672 836 cur
1704 810 1793 837 non

346 874 518 922 statim,
564 872 697 912 misso
730 878 908 920 senatu,
947 871 993 910 in
1033 871 1283 911 concionem
1321 872 1530 926 prodierit
1570 875 1636 922 (ut
1674 873 1791 923 fecit,

345 964 475 1005 quum
507 950 679 989 tertiam
702 946 853 988 habuit
875 948 1133 998 orationem)
1155 949 1229 988 sed
1254 949 1684 1003 insequentidemum
1708 949 1793 990 die.

345 1027 457 1068 Illud
477 1040 646 1081 quoque
661 1023 756 1065 fieri
770 1025 924 1078 potuit,
940 1033 1000 1075 ut,
1020 1039 1149 1079 quum
1168 1024 1318 1066 Cicero
1328 1031 1485 1079 postea
1503 1026 1612 1067 hanc
1631 1029 1792 1067 oratio-

345 1119 441 1146 nem
456 1102 680 1153 scriberet,
692 1103 832 1142 minus
846 1101 1077 1156 diligenter
1091 1101 1222 1143 verba
1236 1102 1313 1143 illa
1328 1104 1628 1158 distingueret.
1664 1103 1792 1152 Quod

342 1183 457 1222 idem
480 1180 706 1222 transferri
731 1179 782 1219 ad
807 1178 909 1219 illos
929 1179 1127 1219 secundae
1152 1181 1359 1220 orationis
1381 1179 1500 1221 locos
1525 1195 1609 1221 non
1628 1188 1794 1235 potest;

345 1273 483 1313 neque
521 1259 636 1297 enim
667 1255 870 1296 oblivisci
898 1263 1083 1309 poterat,
1115 1256 1322 1296 eodemne
1358 1256 1426 1296 die
1457 1271 1582 1297 mane
1612 1257 1793 1297 insidias

343 1337 526 1376 vitasset
541 1346 583 1374 et
597 1334 696 1374 dein
714 1340 909 1373 senatum
926 1340 1139 1383 vocasset,
1155 1346 1208 1373 an
1223 1332 1391 1373 duobus
1404 1333 1494 1374 haec
1507 1334 1621 1375 facta
1633 1341 1792 1375 essent.

345 1413 530 1455 Senatus
554 1410 797 1453 consultum
819 1411 958 1451 veteri
986 1424 1105 1450 more
1133 1418 1229 1464 post
1245 1410 1351 1451 solis
1369 1425 1565 1452 occasum
1587 1409 1683 1452 fieri
1707 1423 1793 1451 non

340 1497 526 1544 poterat.
605 1488 703 1536 Quo
735 1489 877 1528 minus
910 1486 1143 1527 haberetur
1168 1496 1359 1538 senatus,
1392 1487 1501 1528 nihil
1536 1486 1701 1528 oberat.

458 1567 526 1607 De
560 1565 814 1606 Milonianae
847 1565 1055 1604 orationis
1083 1565 1122 1614 ¹)
1155 1563 1264 1604 locis
1293 1565 1450 1618 partim
1491 1566 1575 1605 iam
1602 1563 1656 1605 ab
1691 1563 1790 1605 aliis

343 1644 593 1699 expositum
636 1650 726 1692 est,
768 1642 923 1696 partim
956 1642 1096 1682 minus
1137 1654 1243 1695 opus
1285 1641 1455 1681 videtur
1495 1641 1604 1692 dici,
1637 1642 1719 1681 etsi
1746 1642 1792 1681 in

343 1721 492 1764 multis
524 1721 666 1761 minus
706 1719 869 1772 peritos
903 1709 989 1758 hon
1020 1717 1398 1758 animadversuros
1429 1727 1559 1773 puto,
1607 1733 1681 1759 cur
1714 1719 1791 1769 sic,

343 1809 389 1840 ut
422 1799 563 1848 edidi,
602 1795 733 1837 scribi
766 1810 851 1835 non
883 1795 936 1836 ob
979 1794 1118 1835 solam
1149 1797 1446 1836 auctoritatem
1487 1795 1687 1836 lectionis
1718 1795 1792 1836 de-

340 1877 495 1917 buerit.
559 1873 695 1916 Velut
723 1875 803 1924 29,
835 1874 890 1913 79
919 1872 1150 1913 edebatur:
1196 1876 1238 1912 si
1264 1876 1302 1912 is
1326 1876 1568 1926 potuisset,
1598 1877 1647 1913 ut
1675 1883 1788 1926 quae-

342 1959 521 1995 &tionem
562 1951 616 1992 de
658 1956 792 1990 morte
833 1950 880 1989 P.
921 1949 1065 1989 Clodii·
1089 1948 1247 1998 ferre,
1292 1953 1355 1989 sic
1380 1953 1516 2002 ipsum
1546 1948 1599 1990 ab
1629 1947 1791 1998 inferis

343 2035 565 2080 excitare,
596 2034 736 2069 utrum
761 2030 930 2080 putatis
955 2030 1103 2080 potius
1120 2025 1352 2074 facturum
1377 2026 1559 2075 sitisse?
1621 2026 1788 2067 Verum

341 2111 423 2149 hoc
451 2116 598 2162 aptum
629 2113 768 2154 esset,
816 2106 853 2144 si
882 2105 1251 2159 interrogaretur,
1293 2118 1394 2144 num
1432 2104 1481 2145 e‘d
1520 2117 1684 2158 qnoque
1726 2103 1790 2144 fa-

342 2194 487 2226 cturus
530 2184 707 2231 suisset3
760 2197 872 2222 nunc
912 2196 1041 2235 quum
1084 2189 1326 2236 quaeratur,
1376 2190 1546 2232 utrum,
1589 2182 1627 2221 si
1671 2181 1789 2236 optio

342 2263 541 2309 daretur,
573 2259 786 2299 electurus
817 2259 961 2306 fuerit,
995 2260 1239 2298 necessario
1272 2260 1534 2299 disiunctive
1562 2257 1788 2297 dicendum

341 2340 448 2388 fuit,
478 2344 524 2376 ut
555 2344 620 2376 est
651 2337 694 2375 in
724 2334 844 2374 codd.
874 2334 1267 2387 praestantissimis,
1298 2332 1510 2374 Bavarico
1539 2341 1581 2373 et
1609 2332 1787 2384 Erfurt„

339 2415 605 2470 reliquisque
640 2411 765 2452 bonis
796 2408 967 2461 (Lamb.
989 2418 1031 2449 et
1057 2408 1262 2460 Fabricii)
1296 2409 1529 2465 multisque
1554 2409 1676 2450 aliis:
1711 2415 1791 2450 aut

366 2518 402 2559 1)
429 2512 616 2549 Orationis
643 2522 709 2556 pro
737 2509 876 2543 Archia
902 2510 1002 2542 locos
1033 2508 1187 2549 omitto,
1225 2509 1322 2553 quod
1349 2510 1394 2542 de
1421 2520 1551 2543 eorum
1579 2512 1680 2543 certe
1706 2509 1787 2553 plc-

430 2573 554 2618 risquc
576 2573 614 2606 in
639 2583 680 2604 re
706 2570 906 2604 manifesta
931 2574 1031 2603 rcctc
1058 2569 1264 2614 expositum
1291 2580 1369 2603 esse
1398 2570 1531 2614 opinor
1560 2579 1582 2603 a
1607 2569 1787 2603 sineren-

428 2634 576 2679 bergio,
603 2633 705 2667 cuius
732 2633 850 2675 ipsam
877 2630 1076 2664 editionem
1103 2630 1266 2663 nondum
1293 2629 1391 2671 vidi,
1420 2641 1535 2664 unum
1561 2635 1598 2664 ct
1622 2631 1783 2664 alterum

429 2694 609 2730 iudicium
635 2693 732 2728 novi.
779 2693 814 2725 Is
839 2691 874 2725 in
907 2703 936 2724 c.
963 2690 997 2732 3,
1023 2690 1046 2724 5
1076 2700 1202 2723 veram
1227 2689 1476 2734 scripturam,
1502 2691 1549 2725 nd
1575 2701 1686 2736 quam
1714 2701 1784 2735 ego

429 2759 575 2792 tuntum
613 2763 842 2791 accesseram
879 2751 1048 2796 propius,
1089 2751 1207 2795 ipsam
1243 2750 1403 2795 reperit,
1442 2763 1483 2785 ex
1514 2752 1592 2793 snit
1619 2750 1784 2786 efficiens

426 2815 535 2856 savit.
