1981 3390
441 274 535 324 168

372 391 485 447 quod
531 390 751 446 superiore
791 387 963 432 honoris
1005 391 1192 432 alicuius
1231 398 1376 438 causa,
1415 392 1531 438 recte
1561 383 1809 428 observavit

373 470 596 510 vavassor
636 468 709 518 (de
755 469 801 508 vi
841 476 884 508 et
926 481 1008 508 usu
1045 466 1254 522 quorund.
1293 463 1463 505 verbor.
1505 464 1551 503 in
1587 461 1700 516 Opp.
1743 461 1811 502 ed.

371 543 613 587 Amstelod.
658 545 780 584 1709.
809 558 852 598 p.
883 544 998 593 154).
1083 543 1169 584 Sed
1213 542 1519 597 proprietatem
1559 538 1813 593 posterioris

373 620 503 661 huius
535 619 766 659 locutionis
806 618 994 673 exposui
1030 618 1076 657 in
1117 618 1253 670 Epist.
1298 619 1389 658 crit.
1426 618 1478 657 ad
1510 613 1726 656 Orellium
1757 613 1812 653 de

377 695 662 737 Oratt.Verr.
691 709 733 747 p.
763 696 868 743 100,
896 693 1071 733 honoris
1101 693 1284 733 alicuius
1316 707 1445 733 causa
1475 693 1618 733 facere
1648 689 1813 745 aliquid

375 771 487 820 dici,
521 772 593 824 qui
624 770 706 809 hoc
739 771 780 809 ei
810 768 995 818 tribuat,
1029 769 1069 808 ei
1102 768 1396 808 obsecundans
1427 769 1471 808 id
1499 769 1644 818 faciat,
1673 767 1813 817 brevi,

377 847 470 886 eius
504 859 634 886 causa
661 846 819 896 faciat,
848 846 958 896 (fere
990 842 1216 884 Gallorum
1246 851 1330 884 est:
1370 857 1424 883 en
1454 844 1586 897 egard
1611 843 1663 883 de
1695 842 1815 897 quel-

375 923 544 977 qu’un);
577 922 782 974 exempla
815 928 985 970 autem,
1027 934 1119 974 quae
1161 928 1251 960 tum
1289 921 1460 975 parcius
1496 918 1683 974 protuli,
1723 918 1815 959 Va-

375 1013 528 1039 vassor
560 997 696 1038 multa
728 996 859 1038 habet
889 996 997 1048 (Cic.
1027 996 1080 1036 ad
1111 996 1231 1037 Fam.
1266 996 1401 1045 XIII,
1430 997 1510 1046 26,
1537 997 1616 1045 31,
1647 995 1717 1044 37,
1742 995 1813 1044 65,

374 1077 453 1125 69,
484 1076 565 1124 76,
606 1074 660 1114 ad
692 1074 825 1114 Attio.
858 1072 951 1123 XI,
997 1074 1048 1122 9,
1092 1072 1198 1121 XV,
1238 1073 1337 1123 15),
1378 1071 1533 1126 quibus
1574 1070 1683 1111 addo
1723 1069 1814 1110 Cic.

374 1149 496 1190 Brut.
518 1151 587 1201 22,
617 1152 686 1201 86,
714 1164 792 1202 pro
821 1149 949 1191 Rosc.
966 1148 1066 1189 Am.
1097 1148 1166 1197 35,
1195 1150 1252 1188 98
1279 1156 1335 1199 et,
1362 1162 1488 1202 quem
1514 1146 1657 1188 locum
1685 1160 1816 1201 supra

378 1228 629 1277 emendavi,
660 1227 739 1275 45,
771 1227 873 1275 132,
914 1232 956 1264 et
992 1224 1090 1265 Liv.
1116 1223 1254 1275 VIII,
1284 1225 1362 1273 14,
1395 1225 1461 1263 10.
1535 1223 1584 1263 In
1615 1222 1814 1264 omnibus

378 1303 446 1343 his
477 1303 586 1343 locis
618 1304 680 1346 ita
707 1304 1059 1352 interpretantur,
1090 1310 1136 1338 ut
1166 1298 1375 1339 honorem
1404 1299 1617 1352 accipiant
1643 1312 1722 1352 pro
1751 1298 1816 1339 di·

376 1380 542 1433 gnitate
575 1386 618 1417 et
650 1378 990 1425 existimatione,
1023 1383 1172 1416 contra
1203 1388 1329 1415 usum
1360 1374 1613 1414 Latinorum
1648 1381 1691 1413 et
1717 1387 1816 1415 sen·

378 1456 515 1495 tentia
550 1453 805 1508 plerumque
839 1461 984 1508 aperte
1021 1459 1315 1507 repugnante,
1363 1454 1429 1500 (ut
1460 1451 1506 1490 in
1544 1448 1668 1490 Bruti
1695 1449 1816 1499 loco;

382 1532 752 1571 existimationem
807 1531 921 1570 enim
971 1528 1302 1583 publicanorum
1347 1526 1420 1566 vel
1472 1525 1628 1566 melius
1674 1525 1816 1567 Galba

378 1608 511 1646 tuitus
544 1609 689 1656 esset).
750 1606 914 1646 Eadem
953 1613 1018 1645 est
1048 1612 1191 1645 autem
1226 1617 1340 1657 saepe
1370 1603 1461 1652 vis,
1503 1615 1632 1656 quum
1662 1602 1817 1643 dicitur

377 1687 426 1724 in
469 1683 667 1723 honorem
708 1683 895 1721 alicuius
927 1681 1059 1735 (quod
1098 1682 1185 1721 iam
1230 1679 1341 1734 apud
1381 1678 1609 1718 Horatium
1655 1677 1817 1731 legitur

379 1759 464 1800 od.
495 1761 545 1809 1,
576 1761 618 1809 ’7,
658 1760 726 1809 8),
767 1765 816 1797 ut
844 1755 957 1811 apu'd
989 1757 1140 1798 Senec.
1172 1757 1251 1810 Ep.
1283 1756 1387 1804 104,
1425 1756 1476 1794 3:
1513 1759 1558 1793 et
1586 1753 1815 1803 interdum,

380 1839 568 1877 etiamsi.
576 1840 778 1889 premunt
816 1846 978 1883 causoe,
1026 1837 1202 1887 spiritus
1244 1836 1290 1872 in
1322 1830 1521 1871 honorem
1550 1843 1719 1870 suorum
1747 1830 1821 1870 vel

379 1927 471 1954 cum
517 1917 724 1952 tormento
764 1910 1031 1951 revocandus
1070 1915 1158 1956 εει,-
1202 1908 1298 1948 add.
1337 1907 1485 1955 Quint.
1517 1908 1567 1955 1,
1608 1908 1658 1955 1,
1686 1907 1728 1956 ’7,
1759 1913 1817 1957 et,

377 2003 505 2044 quem
536 1986 599 2027 ibi
634 1986 845 2041 Spalding
874 1986 1036 2035 laudat,
1069 1986 1221 2026 Senec.
1255 1983 1382 2024 Rhet.
1407 1998 1448 2037 p.
1481 1983 1564 2022 397
1590 1980 1711 2036 Bip„
1744 1983 1819 2036 qui

375 2079 419 2119 p.
451 2066 534 2105 318
561 2062 730 2103 scribit:
771 2076 863 2103 cum
895 2063 1017 2102 illum
1045 2061 1234 2102 homines
1260 2072 1345 2100 mm
1375 2062 1422 2099 in
1450 2061 1586 2112 ipsius
1615 2056 1816 2099 honorem

377 2141 636 2190 laudarent,
682 2139 760 2180 sed
795 2143 843 2179 in
882 2142 1025 2179 soceri
1053 2137 1248 2187 ferrent.
1327 2135 1414 2176 Sed
1458 2149 1510 2176 ea
1554 2142 1620 2175 est
1658 2134 1817 2188 agendi

378 2231 518 2258 causae
549 2224 591 2256 et
622 2215 794 2256 consilii
824 2214 1034 2265 affinitas,
1083 2222 1131 2254 ut
1165 2215 1210 2254 in
1247 2212 1462 2267 loquendo
1498 2225 1612 2266 saepe
1643 2210 1709 2250 hae
1739 2223 1817 2250 no-

376 2294 518 2332 tiones
551 2299 886 2339 commutentur,
919 2291 1030 2344 quod
1058 2292 1189 2330 etiam
1218 2291 1262 2329 in
1290 2288 1448 2329 Latino
1475 2300 1673 2327 sermone
1703 2284 1815 2326 mul-

377 2370 433 2408 tis
459 2367 598 2407 modis
629 2364 692 2405 fit.
760 2365 911 2419 Itaque
946 2365 1107 2404 factum
1148 2373 1236 2414 est,
1273 2371 1342 2412 ut,
1386 2361 1741 2416 quemadmodum
1767 2364 1815 2401 in

377 2442 600 2490 honorem,
645 2442 707 2482 sic
736 2443 866 2481 etiam
897 2444 944 2480 in
972 2443 1163 2494 gratiam
1195 2439 1382 2479 alicuius
1411 2438 1645 2488 diceretur,
1691 2438 1814 2478 cuius

375 2518 609 2560 locutionis
640 2518 803 2572 primus
834 2516 958 2557 nobis
988 2524 1053 2556 est
1086 2523 1234 2556 auctor
1251 2515 1421 2564 Livius,
1451 2514 1604 2554 deinde
1621 2517 1667 2553 in
1684 2526 1812 2567 spem,

377 2609 462 2636 non
492 2594 579 2634 alio
609 2593 700 2633 fere
727 2606 872 2642 sensu,
907 2606 1034 2646 quam
1065 2593 1137 2646 qui
1168 2600 1233 2631 est
1257 2592 1302 2631 in
1319 2590 1527 2640 ablativo,
1557 2590 1670 2644 quod
1698 2589 1813 2630 idem

376 2672 491 2713 dixit
520 2670 673 2710 Livius
701 2668 744 2719 Ι,
775 2671 828 2719 8,
857 2668 997 2718 XXI,
1024 2669 1103 2718 45,
1136 2676 1180 2708 et
1210 2666 1383 2708 Curtius
1413 2667 1501 2717 VI,
1531 2669 1560 2707 6
1592 2663 1814 2721 (Zumpt.):

375 2748 551 2794 bellum,
596 2745 710 2800 quod
746 2748 794 2785 in
831 2758 943 2798 spem
976 2748 1107 2785 lolius
1143 2744 1257 2785 orbis
1297 2743 1540 2797 occupandi
1564 2740 1811 2796 gerebatur,

376 2832 413 2863 ct
452 2821 631 2864 Tacitus
663 2819 776 2863 Hist.
806 2820 886 2865 IV,
919 2822 993 2862 42:
1034 2833 1118 2864 uon
1150 2819 1396 2874 depellendi
1412 2818 1628 2874 periculi,
1661 2817 1739 2860 sed
1764 2820 1810 2859 in
