<?xml version="1.0" encoding="UTF-8"?>
<!DOCTYPE html PUBLIC "-//W3C//DTD XHTML 1.0 Transitional//EN"
    "http://www.w3.org/TR/xhtml1/DTD/xhtml1-transitional.dtd">
<html xmlns="http://www.w3.org/1999/xhtml" xml:lang="en" lang="en">
 <head>
  <title>
</title>
<meta http-equiv="Content-Type" content="text/html;charset=utf-8" />
  <meta name='ocr-system' content='tesseract 3.04.00' />
  <meta name='ocr-capabilities' content='ocr_page ocr_carea ocr_par ocr_line ocrx_word'/>
</head>
<body>
  <div class='ocr_page' id='page_1' title='image "./ionicolaimadvigi01madvuoft_0068.png"; bbox 0 0 1981 3390; ppageno 0'>
   <div class='ocr_carea' id='block_1_1' title="bbox 430 190 497 240">
    <p class='ocr_par' dir='ltr' id='par_1_1' title="bbox 430 190 497 240">
     <span class='ocr_line' id='line_1_1' title="bbox 430 190 497 240; baseline 0.015 -1"><span class='ocrx_word' id='word_1_1' title='bbox 430 190 497 240; x_wconf 84' lang='lat'>56</span> 
     </span>
    </p>
   </div>
   <div class='ocr_carea' id='block_1_2' title="bbox 367 307 1842 2230">
    <p class='ocr_par' dir='ltr' id='par_1_2' title="bbox 367 307 1814 746">
     <span class='ocr_line' id='line_1_2' title="bbox 367 307 1811 366; baseline 0 -14"><span class='ocrx_word' id='word_1_2' title='bbox 367 308 596 352; x_wconf 88' lang='lat' dir='ltr'>dicendum</span> <span class='ocrx_word' id='word_1_3' title='bbox 624 317 763 361; x_wconf 84' lang='lat' dir='ltr'>esset,</span> <span class='ocrx_word' id='word_1_4' title='bbox 795 307 945 351; x_wconf 86' lang='lat' dir='ltr'>urbem</span> <span class='ocrx_word' id='word_1_5' title='bbox 980 323 1065 350; x_wconf 89' lang='lat' dir='ltr'>non</span> <span class='ocrx_word' id='word_1_6' title='bbox 1095 309 1221 353; x_wconf 82' lang='lat' dir='ltr'>aliter</span> <span class='ocrx_word' id='word_1_7' title='bbox 1252 309 1508 353; x_wconf 68' lang='lat' dir='ltr'>aedificatam</span> <span class='ocrx_word' id='word_1_8' title='bbox 1539 323 1649 361; x_wconf 84' lang='lat' dir='ltr'>esse,</span> <span class='ocrx_word' id='word_1_9' title='bbox 1683 324 1811 366; x_wconf 87' lang='lat' dir='ltr'>quam</span> 
     </span>
     <span class='ocr_line' id='line_1_3' title="bbox 368 386 1812 444; baseline 0 -15"><span class='ocrx_word' id='word_1_10' title='bbox 368 402 452 444; x_wconf 88' lang='lat' dir='ltr'>quo</span> <span class='ocrx_word' id='word_1_11' title='bbox 486 387 614 429; x_wconf 91' lang='lat' dir='ltr'>modo</span> <span class='ocrx_word' id='word_1_12' title='bbox 658 387 779 429; x_wconf 85' lang='lat' dir='ltr'>villae</span> <span class='ocrx_word' id='word_1_13' title='bbox 814 389 946 428; x_wconf 83' lang='lat' dir='ltr'>rimas</span> <span class='ocrx_word' id='word_1_14' title='bbox 981 386 1154 429; x_wconf 82' lang='lat' dir='ltr'><strong>villicus</strong></span> <span class='ocrx_word' id='word_1_15' title='bbox 1184 389 1428 430; x_wconf 87' lang='lat' dir='ltr'>incuriosus</span> <span class='ocrx_word' id='word_1_16' title='bbox 1457 396 1592 444; x_wconf 84' lang='lat' dir='ltr'>tegat,</span> <span class='ocrx_word' id='word_1_17' title='bbox 1623 401 1711 429; x_wconf 88' lang='lat' dir='ltr'>non</span> <span class='ocrx_word' id='word_1_18' title='bbox 1742 402 1812 429; x_wconf 88' lang='lat' dir='ltr'>re-</span> 
     </span>
     <span class='ocr_line' id='line_1_4' title="bbox 367 461 1814 521; baseline 0 -15"><span class='ocrx_word' id='word_1_19' title='bbox 367 463 511 515; x_wconf 81' lang='lat' dir='ltr'>ficiat,</span> <span class='ocrx_word' id='word_1_20' title='bbox 541 464 624 506; x_wconf 87' lang='lat' dir='ltr'>hoc</span> <span class='ocrx_word' id='word_1_21' title='bbox 653 465 794 505; x_wconf 83' lang='lat' dir='ltr'><strong>dixit:</strong></span> <span class='ocrx_word' id='word_1_22' title='bbox 832 461 946 503; x_wconf 77' lang='lat' dir='ltr'>Nam</span> <span class='ocrx_word' id='word_1_23' title='bbox 972 465 1034 505; x_wconf 88' lang='lat' dir='ltr'>sic</span> <span class='ocrx_word' id='word_1_24' title='bbox 1064 465 1169 515; x_wconf 89' lang='lat' dir='ltr'>(isto</span> <span class='ocrx_word' id='word_1_25' title='bbox 1204 466 1357 517; x_wconf 90' lang='lat' dir='ltr'>modo,</span> <span class='ocrx_word' id='word_1_26' title='bbox 1398 480 1482 521; x_wconf 89' lang='lat' dir='ltr'>quo</span> <span class='ocrx_word' id='word_1_27' title='bbox 1523 468 1570 507; x_wconf 90' lang='lat' dir='ltr'>in</span> <span class='ocrx_word' id='word_1_28' title='bbox 1602 464 1709 506; x_wconf 87' lang='lat' dir='ltr'>urbe</span> <span class='ocrx_word' id='word_1_29' title='bbox 1740 463 1814 506; x_wconf 90' lang='lat' dir='ltr'>fir-</span> 
     </span>
     <span class='ocr_line' id='line_1_5' title="bbox 367 539 1814 599; baseline -0.001 -15"><span class='ocrx_word' id='word_1_30' title='bbox 367 544 509 584; x_wconf 87' lang='lat' dir='ltr'>mitati</span> <span class='ocrx_word' id='word_1_31' title='bbox 545 542 750 583; x_wconf 89' lang='lat' dir='ltr'>domuum</span> <span class='ocrx_word' id='word_1_32' title='bbox 781 539 1090 597; x_wconf 84' lang='lat' dir='ltr'>hominumque</span> <span class='ocrx_word' id='word_1_33' title='bbox 1129 542 1262 584; x_wconf 87' lang='lat' dir='ltr'>saluti</span> <span class='ocrx_word' id='word_1_34' title='bbox 1299 545 1594 599; x_wconf 86' lang='lat' dir='ltr'>prospicitur‚)</span> <span class='ocrx_word' id='word_1_35' title='bbox 1638 541 1814 584; x_wconf 82' lang='lat' dir='ltr'>villicus</span> 
     </span>
     <span class='ocr_line' id='line_1_6' title="bbox 369 617 1812 676; baseline 0 -15"><span class='ocrx_word' id='word_1_36' title='bbox 369 620 600 676; x_wconf 82' lang='lat' dir='ltr'>negligens</span> <span class='ocrx_word' id='word_1_37' title='bbox 627 617 745 658; x_wconf 84' lang='lat' dir='ltr'>villae</span> <span class='ocrx_word' id='word_1_38' title='bbox 776 617 1003 658; x_wconf 85' lang='lat' dir='ltr'>consulere</span> <span class='ocrx_word' id='word_1_39' title='bbox 1033 618 1217 671; x_wconf 81' lang='lat' dir='ltr'>solet1).</span> <span class='ocrx_word' id='word_1_40' title='bbox 1279 621 1445 663; x_wconf 88' lang='lat' dir='ltr'>Eodem</span> <span class='ocrx_word' id='word_1_41' title='bbox 1489 621 1616 663; x_wconf 88' lang='lat' dir='ltr'>modo</span> <span class='ocrx_word' id='word_1_42' title='bbox 1655 620 1812 662; x_wconf 85' lang='lat' dir='ltr'>dicitur</span> 
     </span>
     <span class='ocr_line' id='line_1_7' title="bbox 370 693 806 746; baseline -0.007 -8"><span class='ocrx_word' id='word_1_43' title='bbox 370 697 473 738; x_wconf 76' lang='lat' dir='ltr'>Non</span> <span class='ocrx_word' id='word_1_44' title='bbox 502 699 567 736; x_wconf 76' lang='lat' dir='ltr'>sic</span> <span class='ocrx_word' id='word_1_45' title='bbox 599 693 708 746; x_wconf 91' lang='lat' dir='ltr'>XII,</span> <span class='ocrx_word' id='word_1_46' title='bbox 737 696 806 736; x_wconf 78' lang='lat'>78.</span> 
     </span>
    </p>

    <p class='ocr_par' dir='ltr' id='par_1_3' title="bbox 370 773 1842 1295">
     <span class='ocr_line' id='line_1_8' title="bbox 490 773 1842 833; baseline 0.001 -20"><span class='ocrx_word' id='word_1_47' title='bbox 490 773 710 823; x_wconf 83' lang='lat' dir='ltr'>Quoniam</span> <span class='ocrx_word' id='word_1_48' title='bbox 751 774 875 813; x_wconf 83' lang='lat' dir='ltr'>varia</span> <span class='ocrx_word' id='word_1_49' title='bbox 915 773 1086 814; x_wconf 75' lang='lat' dir='ltr'>errandi</span> <span class='ocrx_word' id='word_1_50' title='bbox 1113 788 1275 829; x_wconf 81' lang='lat' dir='ltr'>genera</span> <span class='ocrx_word' id='word_1_51' title='bbox 1302 775 1458 830; x_wconf 84' lang='lat' dir='ltr'>positis</span> <span class='ocrx_word' id='word_1_52' title='bbox 1488 774 1707 829; x_wconf 82' lang='lat' dir='ltr'>exemplis</span> <span class='ocrx_word' id='word_1_53' title='bbox 1738 788 1815 815; x_wconf 88' lang='lat' dir='ltr'>no·</span> <span class='ocrx_word' id='word_1_54' title='bbox 1839 830 1842 833; x_wconf 18' lang='grc' dir='ltr'><strong>Δ</strong></span> 
     </span>
     <span class='ocr_line' id='line_1_9' title="bbox 371 851 1817 908; baseline -0.001 -16"><span class='ocrx_word' id='word_1_55' title='bbox 371 852 582 902; x_wconf 83' lang='lat' dir='ltr'>tavimus,</span> <span class='ocrx_word' id='word_1_56' title='bbox 634 865 721 892; x_wconf 89' lang='lat' dir='ltr'>non</span> <span class='ocrx_word' id='word_1_57' title='bbox 760 851 1008 892; x_wconf 86' lang='lat' dir='ltr'>omittemus</span> <span class='ocrx_word' id='word_1_58' title='bbox 1050 866 1136 893; x_wconf 90' lang='lat' dir='ltr'>non</span> <span class='ocrx_word' id='word_1_59' title='bbox 1178 853 1429 908; x_wconf 83' lang='lat' dir='ltr'>infrequens</span> <span class='ocrx_word' id='word_1_60' title='bbox 1474 852 1632 893; x_wconf 86' lang='lat' dir='ltr'>erroris</span> <span class='ocrx_word' id='word_1_61' title='bbox 1663 864 1817 906; x_wconf 83' lang='lat' dir='ltr'>genus,</span> 
     </span>
     <span class='ocr_line' id='line_1_10' title="bbox 370 927 1816 984; baseline 0 -15"><span class='ocrx_word' id='word_1_62' title='bbox 370 930 562 984; x_wconf 88' lang='lat' dir='ltr'>positum</span> <span class='ocrx_word' id='word_1_63' title='bbox 593 929 640 969; x_wconf 90' lang='lat' dir='ltr'>in</span> <span class='ocrx_word' id='word_1_64' title='bbox 677 927 823 970; x_wconf 88' lang='lat' dir='ltr'>verbis</span> <span class='ocrx_word' id='word_1_65' title='bbox 865 930 1008 970; x_wconf 87' lang='lat' dir='ltr'>minus</span> <span class='ocrx_word' id='word_1_66' title='bbox 1048 938 1164 971; x_wconf 87' lang='lat' dir='ltr'>recte</span> <span class='ocrx_word' id='word_1_67' title='bbox 1204 945 1283 971; x_wconf 89' lang='lat' dir='ltr'>nec</span> <span class='ocrx_word' id='word_1_68' title='bbox 1313 939 1458 971; x_wconf 85' lang='lat' dir='ltr'>tamen</span> <span class='ocrx_word' id='word_1_69' title='bbox 1497 937 1651 971; x_wconf 87' lang='lat' dir='ltr'>oontra</span> <span class='ocrx_word' id='word_1_70' title='bbox 1692 928 1816 983; x_wconf 86' lang='lat' dir='ltr'>leges</span> 
     </span>
     <span class='ocr_line' id='line_1_11' title="bbox 372 1007 1819 1063; baseline 0 -16"><span class='ocrx_word' id='word_1_71' title='bbox 372 1007 678 1062; x_wconf 80' lang='lat' dir='ltr'>grammaticas</span> <span class='ocrx_word' id='word_1_72' title='bbox 707 1007 1020 1062; x_wconf 83' lang='lat' dir='ltr'>coniungendis</span> <span class='ocrx_word' id='word_1_73' title='bbox 1053 1016 1096 1047; x_wconf 92' lang='lat' dir='ltr'>et</span> <span class='ocrx_word' id='word_1_74' title='bbox 1125 1008 1392 1063; x_wconf 81' lang='lat' dir='ltr'>separandis.</span> <span class='ocrx_word' id='word_1_75' title='bbox 1453 1007 1597 1048; x_wconf 90' lang='lat' dir='ltr'>Huius</span> <span class='ocrx_word' id='word_1_76' title='bbox 1635 1008 1701 1048; x_wconf 85' lang='lat' dir='ltr'>¹rei</span> <span class='ocrx_word' id='word_1_77' title='bbox 1729 1007 1819 1062; x_wconf 87' lang='lat' dir='ltr'>pri-</span> 
     </span>
     <span class='ocr_line' id='line_1_12' title="bbox 372 1083 1818 1142; baseline -0.001 -16"><span class='ocrx_word' id='word_1_78' title='bbox 372 1099 490 1126; x_wconf 89' lang='lat' dir='ltr'>mum</span> <span class='ocrx_word' id='word_1_79' title='bbox 521 1083 622 1125; x_wconf 85' lang='lat' dir='ltr'>leve</span> <span class='ocrx_word' id='word_1_80' title='bbox 656 1085 713 1124; x_wconf 88' lang='lat' dir='ltr'>sit</span> <span class='ocrx_word' id='word_1_81' title='bbox 744 1083 1021 1139; x_wconf 87' lang='lat' dir='ltr'>exemplum,</span> <span class='ocrx_word' id='word_1_82' title='bbox 1067 1094 1284 1142; x_wconf 88' lang='lat' dir='ltr'>sumptum</span> <span class='ocrx_word' id='word_1_83' title='bbox 1326 1099 1412 1126; x_wconf 90' lang='lat' dir='ltr'>non</span> <span class='ocrx_word' id='word_1_84' title='bbox 1445 1099 1505 1126; x_wconf 82' lang='lat' dir='ltr'>ex</span> <span class='ocrx_word' id='word_1_85' title='bbox 1540 1084 1629 1126; x_wconf 83' lang='lat' dir='ltr'>late</span> <span class='ocrx_word' id='word_1_86' title='bbox 1661 1099 1818 1140; x_wconf 85' lang='lat' dir='ltr'>propa·</span> 
     </span>
     <span class='ocr_line' id='line_1_13' title="bbox 373 1161 1820 1218; baseline 0 -15"><span class='ocrx_word' id='word_1_87' title='bbox 373 1171 476 1218; x_wconf 85' lang='lat' dir='ltr'>gato</span> <span class='ocrx_word' id='word_1_88' title='bbox 529 1175 677 1203; x_wconf 85' lang='lat' dir='ltr'>errore</span> <span class='ocrx_word' id='word_1_89' title='bbox 727 1161 804 1202; x_wconf 89' lang='lat' dir='ltr'>sed</span> <span class='ocrx_word' id='word_1_90' title='bbox 847 1175 909 1202; x_wconf 80' lang='lat' dir='ltr'>ex</span> <span class='ocrx_word' id='word_1_91' title='bbox 957 1164 1086 1203; x_wconf 86' lang='lat' dir='ltr'>unius</span> <span class='ocrx_word' id='word_1_92' title='bbox 1135 1164 1352 1204; x_wconf 86' lang='lat' dir='ltr'>sententia</span> <span class='ocrx_word' id='word_1_93' title='bbox 1395 1177 1532 1217; x_wconf 87' lang='lat' dir='ltr'>nuper</span> <span class='ocrx_word' id='word_1_94' title='bbox 1584 1164 1820 1218; x_wconf 88' lang='lat' dir='ltr'>proposita.</span> 
     </span>
     <span class='ocr_line' id='line_1_14' title="bbox 371 1238 1659 1295; baseline 0 -14"><span class='ocrx_word' id='word_1_95' title='bbox 371 1240 422 1281; x_wconf 92' lang='lat' dir='ltr'>In</span> <span class='ocrx_word' id='word_1_96' title='bbox 449 1248 530 1280; x_wconf 85' lang='lat' dir='ltr'>sat.</span> <span class='ocrx_word' id='word_1_97' title='bbox 565 1241 681 1280; x_wconf 90' lang='lat' dir='ltr'>enim</span> <span class='ocrx_word' id='word_1_98' title='bbox 716 1238 738 1279; x_wconf 95' lang='lat' dir='ltr'>I</span> <span class='ocrx_word' id='word_1_99' title='bbox 767 1253 810 1280; x_wconf 86' lang='lat' dir='ltr'>v.</span> <span class='ocrx_word' id='word_1_100' title='bbox 840 1241 896 1279; x_wconf 79' lang='lat'>28</span> <span class='ocrx_word' id='word_1_101' title='bbox 927 1239 1019 1280; x_wconf 82' lang='lat' dir='ltr'>haec</span> <span class='ocrx_word' id='word_1_102' title='bbox 1046 1241 1098 1280; x_wconf 91' lang='lat' dir='ltr'>de</span> <span class='ocrx_word' id='word_1_103' title='bbox 1134 1240 1335 1295; x_wconf 86' lang='lat' dir='ltr'>Crispino</span> <span class='ocrx_word' id='word_1_104' title='bbox 1365 1241 1508 1295; x_wconf 86' lang='lat' dir='ltr'>posita</span> <span class='ocrx_word' id='word_1_105' title='bbox 1536 1248 1659 1281; x_wconf 85' lang='lat' dir='ltr'>sunt:</span> 
     </span>
    </p>

    <p class='ocr_par' dir='ltr' id='par_1_4' title="bbox 370 1315 1823 2230">
     <span class='ocr_line' id='line_1_15' title="bbox 489 1315 1603 1373; baseline 0.001 -16"><span class='ocrx_word' id='word_1_106' title='bbox 489 1315 690 1358; x_wconf 83' lang='lat' dir='ltr'>Ventilet</span> <span class='ocrx_word' id='word_1_107' title='bbox 724 1317 922 1357; x_wconf 87' lang='lat' dir='ltr'>aestivum</span> <span class='ocrx_word' id='word_1_108' title='bbox 955 1317 1104 1373; x_wconf 83' lang='lat' dir='ltr'>digitis</span> <span class='ocrx_word' id='word_1_109' title='bbox 1134 1316 1389 1358; x_wconf 79' lang='lat' dir='ltr'>sudantibus</span> <span class='ocrx_word' id='word_1_110' title='bbox 1423 1332 1603 1366; x_wconf 84' lang='lat' dir='ltr'>aurum3</span> 
     </span>
     <span class='ocr_line' id='line_1_16' title="bbox 370 1392 1819 1451; baseline -0.001 -16"><span class='ocrx_word' id='word_1_111' title='bbox 370 1396 417 1435; x_wconf 90' lang='lat' dir='ltr'>in</span> <span class='ocrx_word' id='word_1_112' title='bbox 447 1407 531 1449; x_wconf 90' lang='lat' dir='ltr'>quo</span> <span class='ocrx_word' id='word_1_113' title='bbox 560 1407 692 1434; x_wconf 75' lang='lat' dir='ltr'>versu</span> <span class='ocrx_word' id='word_1_114' title='bbox 705 1393 894 1449; x_wconf 86' lang='lat' dir='ltr'>Pinzger</span> <span class='ocrx_word' id='word_1_115' title='bbox 921 1394 1216 1449; x_wconf 87' lang='lat' dir='ltr'>(Ephemerid.</span> <span class='ocrx_word' id='word_1_116' title='bbox 1247 1395 1345 1436; x_wconf 87' lang='lat' dir='ltr'>Jen.</span> <span class='ocrx_word' id='word_1_117' title='bbox 1376 1396 1498 1436; x_wconf 82' lang='lat'>1822.</span> <span class='ocrx_word' id='word_1_118' title='bbox 1523 1395 1631 1451; x_wconf 90' lang='lat' dir='ltr'>Apr.</span> <span class='ocrx_word' id='word_1_119' title='bbox 1660 1408 1702 1435; x_wconf 89' lang='lat' dir='ltr'>n.</span> <span class='ocrx_word' id='word_1_120' title='bbox 1730 1392 1819 1449; x_wconf 79' lang='lat'><strong>8⁰),</strong></span> 
     </span>
     <span class='ocr_line' id='line_1_17' title="bbox 372 1469 1820 1527; baseline 0 -15"><span class='ocrx_word' id='word_1_121' title='bbox 372 1471 617 1527; x_wconf 83' lang='lat' dir='ltr'>improbata</span> <span class='ocrx_word' id='word_1_122' title='bbox 655 1469 831 1526; x_wconf 81' lang='lat' dir='ltr'>vulgari</span> <span class='ocrx_word' id='word_1_123' title='bbox 867 1472 1225 1526; x_wconf 83' lang='lat' dir='ltr'>interpretatione</span> <span class='ocrx_word' id='word_1_124' title='bbox 1269 1473 1321 1515; x_wconf 92' lang='lat' dir='ltr'>de</span> <span class='ocrx_word' id='word_1_125' title='bbox 1360 1473 1533 1514; x_wconf 87' lang='lat' dir='ltr'>annulis</span> <span class='ocrx_word' id='word_1_126' title='bbox 1579 1471 1820 1513; x_wconf 89' lang='lat' dir='ltr'>levioribus</span> 
     </span>
     <span class='ocr_line' id='line_1_18' title="bbox 373 1549 1820 1605; baseline 0 -15"><span class='ocrx_word' id='word_1_127' title='bbox 373 1563 453 1605; x_wconf 88' lang='lat' dir='ltr'>per</span> <span class='ocrx_word' id='word_1_128' title='bbox 469 1557 663 1590; x_wconf 85' lang='lat' dir='ltr'>aestatem</span> <span class='ocrx_word' id='word_1_129' title='bbox 682 1549 880 1603; x_wconf 86' lang='lat' dir='ltr'>sumptis,</span> <span class='ocrx_word' id='word_1_130' title='bbox 897 1549 1011 1604; x_wconf 90' lang='lat' dir='ltr'>quod</span> <span class='ocrx_word' id='word_1_131' title='bbox 1039 1549 1172 1591; x_wconf 89' lang='lat' dir='ltr'>nullis</span> <span class='ocrx_word' id='word_1_132' title='bbox 1202 1559 1399 1592; x_wconf 84' lang='lat' dir='ltr'>veterum</span> <span class='ocrx_word' id='word_1_133' title='bbox 1429 1551 1688 1591; x_wconf 86' lang='lat' dir='ltr'>testimoniis</span> <span class='ocrx_word' id='word_1_134' title='bbox 1721 1564 1820 1590; x_wconf 91' lang='lat' dir='ltr'>eum</span> 
     </span>
     <span class='ocr_line' id='line_1_19' title="bbox 374 1626 1821 1684; baseline -0.001 -16"><span class='ocrx_word' id='word_1_135' title='bbox 374 1641 541 1668; x_wconf 84' lang='lat' dir='ltr'>morem</span> <span class='ocrx_word' id='word_1_136' title='bbox 568 1627 706 1668; x_wconf 88' lang='lat' dir='ltr'>fuisse</span> <span class='ocrx_word' id='word_1_137' title='bbox 747 1626 1088 1678; x_wconf 84' lang='lat' dir='ltr'>demonstretur,</span> <span class='ocrx_word' id='word_1_138' title='bbox 1127 1633 1322 1670; x_wconf 72' lang='lat' dir='ltr'>aeste‘vum</span> <span class='ocrx_word' id='word_1_139' title='bbox 1360 1643 1440 1684; x_wconf 89' lang='lat' dir='ltr'>pro</span> <span class='ocrx_word' id='word_1_140' title='bbox 1483 1627 1691 1669; x_wconf 85' lang='lat' dir='ltr'>adverbio</span> <span class='ocrx_word' id='word_1_141' title='bbox 1724 1640 1821 1668; x_wconf 85' lang='lat' dir='ltr'>esse</span> 
     </span>
     <span class='ocr_line' id='line_1_20' title="bbox 378 1704 1821 1760; baseline 0 -14"><span class='ocrx_word' id='word_1_142' title='bbox 378 1704 487 1756; x_wconf 75' lang='lat' dir='ltr'>vult,</span> <span class='ocrx_word' id='word_1_143' title='bbox 517 1705 810 1760; x_wconf 83' lang='lat' dir='ltr'>coniungique</span> <span class='ocrx_word' id='word_1_144' title='bbox 827 1709 1019 1758; x_wconf 60' lang='lat' dir='ltr'>oeslerum</span> <span class='ocrx_word' id='word_1_145' title='bbox 1037 1707 1306 1748; x_wconf 68' lang='lat' dir='ltr'>suclametbas.</span> <span class='ocrx_word' id='word_1_146' title='bbox 1370 1706 1498 1756; x_wconf 81' lang='lat' dir='ltr'>Quod</span> <span class='ocrx_word' id='word_1_147' title='bbox 1533 1714 1821 1746; x_wconf 86' lang='lat' dir='ltr'>commentum</span> 
     </span>
     <span class='ocr_line' id='line_1_21' title="bbox 374 1783 1822 1838; baseline 0 -15"><span class='ocrx_word' id='word_1_148' title='bbox 374 1797 461 1824; x_wconf 84' lang='lat' dir='ltr'>una</span> <span class='ocrx_word' id='word_1_149' title='bbox 495 1796 647 1824; x_wconf 88' lang='lat' dir='ltr'>versus</span> <span class='ocrx_word' id='word_1_150' title='bbox 673 1783 784 1823; x_wconf 85' lang='lat' dir='ltr'>ratio</span> <span class='ocrx_word' id='word_1_151' title='bbox 819 1784 1000 1832; x_wconf 82' lang='lat' dir='ltr'>evertit3</span> <span class='ocrx_word' id='word_1_152' title='bbox 1032 1798 1163 1838; x_wconf 86' lang='lat' dir='ltr'>quum</span> <span class='ocrx_word' id='word_1_153' title='bbox 1199 1787 1313 1826; x_wconf 89' lang='lat' dir='ltr'>enim</span> <span class='ocrx_word' id='word_1_154' title='bbox 1346 1787 1391 1825; x_wconf 93' lang='lat' dir='ltr'>in</span> <span class='ocrx_word' id='word_1_155' title='bbox 1425 1785 1575 1825; x_wconf 88' lang='lat' dir='ltr'>eadem</span> <span class='ocrx_word' id='word_1_156' title='bbox 1605 1784 1822 1824; x_wconf 84' lang='lat' dir='ltr'>sententia</span> 
     </span>
     <span class='ocr_line' id='line_1_22' title="bbox 373 1859 1822 1918; baseline 0.001 -18"><span class='ocrx_word' id='word_1_157' title='bbox 373 1862 419 1901; x_wconf 90' lang='lat' dir='ltr'>in</span> <span class='ocrx_word' id='word_1_158' title='bbox 450 1859 537 1901; x_wconf 90' lang='lat' dir='ltr'>fine</span> <span class='ocrx_word' id='word_1_159' title='bbox 565 1861 724 1915; x_wconf 86' lang='lat' dir='ltr'>prioris</span> <span class='ocrx_word' id='word_1_160' title='bbox 757 1859 1022 1902; x_wconf 86' lang='lat' dir='ltr'>hemistichii</span> <span class='ocrx_word' id='word_1_161' title='bbox 1053 1862 1332 1913; x_wconf 71' lang='lat' dir='ltr'>adiecfivum,</span> <span class='ocrx_word' id='word_1_162' title='bbox 1362 1864 1407 1903; x_wconf 91' lang='lat' dir='ltr'>in</span> <span class='ocrx_word' id='word_1_163' title='bbox 1438 1863 1692 1918; x_wconf 87' lang='lat' dir='ltr'>posterioris</span> <span class='ocrx_word' id='word_1_164' title='bbox 1719 1859 1822 1902; x_wconf 90' lang='lat' dir='ltr'>sub-</span> 
     </span>
     <span class='ocr_line' id='line_1_23' title="bbox 375 1924 1823 1994; baseline 0.001 -16"><span class='ocrx_word' id='word_1_165' title='bbox 375 1939 614 1979; x_wconf 82' lang='lat' dir='ltr'>stantivum</span> <span class='ocrx_word' id='word_1_166' title='bbox 643 1939 834 1994; x_wconf 84' lang='lat' dir='ltr'>positum</span> <span class='ocrx_word' id='word_1_167' title='bbox 864 1924 946 1988; x_wconf 42' lang='lat' dir='ltr'>sifi</span> <span class='ocrx_word' id='word_1_168' title='bbox 980 1953 1215 1994; x_wconf 88' lang='lat' dir='ltr'>eorumque</span> <span class='ocrx_word' id='word_1_169' title='bbox 1240 1954 1293 1980; x_wconf 85' lang='lat' dir='ltr'>ea</span> <span class='ocrx_word' id='word_1_170' title='bbox 1319 1941 1376 1980; x_wconf 90' lang='lat' dir='ltr'>sit</span> <span class='ocrx_word' id='word_1_171' title='bbox 1397 1941 1678 1994; x_wconf 83' lang='lat' dir='ltr'>grammatica</span> <span class='ocrx_word' id='word_1_172' title='bbox 1695 1941 1823 1991; x_wconf 84' lang='lat' dir='ltr'>ratio,</span> 
     </span>
     <span class='ocr_line' id='line_1_24' title="bbox 374 2015 1822 2072; baseline 0 -14"><span class='ocrx_word' id='word_1_173' title='bbox 374 2025 422 2058; x_wconf 89' lang='lat' dir='ltr'>ut</span> <span class='ocrx_word' id='word_1_174' title='bbox 460 2018 574 2058; x_wconf 87' lang='lat' dir='ltr'>inter</span> <span class='ocrx_word' id='word_1_175' title='bbox 604 2030 651 2056; x_wconf 90' lang='lat' dir='ltr'>se</span> <span class='ocrx_word' id='word_1_176' title='bbox 685 2017 892 2072; x_wconf 84' lang='lat' dir='ltr'>coniungi</span> <span class='ocrx_word' id='word_1_177' title='bbox 921 2019 1116 2072; x_wconf 81' lang='lat' dir='ltr'>possint,</span> <span class='ocrx_word' id='word_1_178' title='bbox 1161 2018 1387 2058; x_wconf 87' lang='lat' dir='ltr'>interiecto</span> <span class='ocrx_word' id='word_1_179' title='bbox 1419 2017 1631 2058; x_wconf 89' lang='lat' dir='ltr'>eiusmodi</span> <span class='ocrx_word' id='word_1_180' title='bbox 1666 2015 1822 2058; x_wconf 87' lang='lat' dir='ltr'>verbo-</span> 
     </span>
     <span class='ocr_line' id='line_1_25' title="bbox 374 2093 1822 2150; baseline -0.001 -14"><span class='ocrx_word' id='word_1_181' title='bbox 374 2109 470 2137; x_wconf 83' lang='lat' dir='ltr'>rum</span> <span class='ocrx_word' id='word_1_182' title='bbox 499 2093 756 2150; x_wconf 83' lang='lat' dir='ltr'>complexu,</span> <span class='ocrx_word' id='word_1_183' title='bbox 789 2096 862 2150; x_wconf 91' lang='lat' dir='ltr'>qui</span> <span class='ocrx_word' id='word_1_184' title='bbox 893 2110 970 2150; x_wconf 86' lang='lat' dir='ltr'>per</span> <span class='ocrx_word' id='word_1_185' title='bbox 999 2109 1046 2136; x_wconf 86' lang='lat' dir='ltr'>se</span> <span class='ocrx_word' id='word_1_186' title='bbox 1077 2094 1233 2150; x_wconf 86' lang='lat' dir='ltr'>plenus</span> <span class='ocrx_word' id='word_1_187' title='bbox 1261 2109 1357 2136; x_wconf 88' lang='lat' dir='ltr'>esse</span> <span class='ocrx_word' id='word_1_188' title='bbox 1387 2097 1526 2150; x_wconf 88' lang='lat' dir='ltr'>possit</span> <span class='ocrx_word' id='word_1_189' title='bbox 1553 2095 1726 2149; x_wconf 69' lang='lat' dir='ltr'>(digitis</span> <span class='ocrx_word' id='word_1_190' title='bbox 1753 2108 1822 2136; x_wconf 73' lang='lat' dir='ltr'>su-</span> 
     </span>
     <span class='ocr_line' id='line_1_26' title="bbox 377 2171 1821 2230; baseline 0.001 -18"><span class='ocrx_word' id='word_1_191' title='bbox 377 2171 624 2225; x_wconf 54' lang='lat' dir='ltr'>dantibus),</span> <span class='ocrx_word' id='word_1_192' title='bbox 668 2173 941 2223; x_wconf 74' lang='lat' dir='ltr'>necessario,</span> <span class='ocrx_word' id='word_1_193' title='bbox 985 2174 1058 2227; x_wconf 89' lang='lat' dir='ltr'>qui</span> <span class='ocrx_word' id='word_1_194' title='bbox 1090 2172 1271 2214; x_wconf 85' lang='lat' dir='ltr'>Latinos</span> <span class='ocrx_word' id='word_1_195' title='bbox 1308 2186 1462 2214; x_wconf 87' lang='lat' dir='ltr'>versus</span> <span class='ocrx_word' id='word_1_196' title='bbox 1499 2171 1656 2213; x_wconf 84' lang='lat' dir='ltr'>Latine</span> <span class='ocrx_word' id='word_1_197' title='bbox 1686 2171 1821 2230; x_wconf 87' lang='lat' dir='ltr'>leget,</span> 
     </span>
    </p>
   </div>
   <div class='ocr_carea' id='block_1_3' title="bbox 402 2299 1822 2844">
    <p class='ocr_par' dir='ltr' id='par_1_5' title="bbox 402 2299 1822 2844">
     <span class='ocr_line' id='line_1_27' title="bbox 402 2299 1822 2346; baseline 0.001 -10"><span class='ocrx_word' id='word_1_198' title='bbox 402 2302 438 2346; x_wconf 83' lang='lat'>1)</span> <span class='ocrx_word' id='word_1_199' title='bbox 465 2302 582 2336; x_wconf 73' lang='lat' dir='ltr'>Error</span> <span class='ocrx_word' id='word_1_200' title='bbox 607 2303 662 2334; x_wconf 83' lang='lat' dir='ltr'>est</span> <span class='ocrx_word' id='word_1_201' title='bbox 688 2299 854 2346; x_wconf 84' lang='lat' dir='ltr'>alioquin</span> <span class='ocrx_word' id='word_1_202' title='bbox 887 2312 960 2337; x_wconf 89' lang='lat' dir='ltr'>non</span> <span class='ocrx_word' id='word_1_203' title='bbox 987 2301 1287 2345; x_wconf 79' lang='lat' dir='ltr'>recentissimus3</span> <span class='ocrx_word' id='word_1_204' title='bbox 1324 2302 1363 2337; x_wconf 90' lang='lat' dir='ltr'>in</span> <span class='ocrx_word' id='word_1_205' title='bbox 1388 2302 1531 2337; x_wconf 86' lang='lat' dir='ltr'>scholio</span> <span class='ocrx_word' id='word_1_206' title='bbox 1557 2303 1657 2338; x_wconf 85' lang='lat' dir='ltr'>enim</span> <span class='ocrx_word' id='word_1_207' title='bbox 1684 2304 1730 2338; x_wconf 85' lang='lat' dir='ltr'>ad</span> <span class='ocrx_word' id='word_1_208' title='bbox 1758 2305 1822 2346; x_wconf 83' lang='lat' dir='ltr'>IV,</span> 
     </span>
     <span class='ocr_line' id='line_1_28' title="bbox 465 2360 1820 2411; baseline 0.001 -13"><span class='ocrx_word' id='word_1_209' title='bbox 465 2365 512 2398; x_wconf 77' lang='lat'>77</span> <span class='ocrx_word' id='word_1_210' title='bbox 536 2363 581 2396; x_wconf 86' lang='lat' dir='ltr'>de</span> <span class='ocrx_word' id='word_1_211' title='bbox 605 2360 734 2396; x_wconf 72' lang='lat' dir='ltr'>villico</span> <span class='ocrx_word' id='word_1_212' title='bbox 761 2362 918 2405; x_wconf 84' lang='lat' dir='ltr'>urbano,</span> <span class='ocrx_word' id='word_1_213' title='bbox 957 2361 995 2396; x_wconf 93' lang='lat' dir='ltr'>id</span> <span class='ocrx_word' id='word_1_214' title='bbox 1021 2368 1087 2405; x_wconf 82' lang='lat' dir='ltr'>est,</span> <span class='ocrx_word' id='word_1_215' title='bbox 1113 2367 1155 2398; x_wconf 86' lang='lat' dir='ltr'>ut</span> <span class='ocrx_word' id='word_1_216' title='bbox 1179 2365 1338 2407; x_wconf 81' lang='lat' dir='ltr'>videtur,</span> <span class='ocrx_word' id='word_1_217' title='bbox 1363 2365 1409 2399; x_wconf 87' lang='lat' dir='ltr'>de</span> <span class='ocrx_word' id='word_1_218' title='bbox 1434 2365 1610 2410; x_wconf 82' lang='lat' dir='ltr'>praesecto</span> <span class='ocrx_word' id='word_1_219' title='bbox 1636 2365 1820 2411; x_wconf 80' lang='lat' dir='ltr'>intelligi-</span> 
     </span>
     <span class='ocr_line' id='line_1_29' title="bbox 441 2417 1821 2471; baseline 0.001 -13"><span class='ocrx_word' id='word_1_220' title='bbox 441 2417 443 2420; x_wconf 62' lang='grc'><strong>’</strong></span> <span class='ocrx_word' id='word_1_221' title='bbox 469 2427 533 2458; x_wconf 81' lang='lat' dir='ltr'>tur</span> <span class='ocrx_word' id='word_1_222' title='bbox 566 2423 629 2458; x_wconf 86' lang='lat' dir='ltr'>hic</span> <span class='ocrx_word' id='word_1_223' title='bbox 658 2423 788 2465; x_wconf 83' lang='lat' dir='ltr'>locus;</span> <span class='ocrx_word' id='word_1_224' title='bbox 823 2424 887 2457; x_wconf 84' lang='lat' dir='ltr'>sed</span> <span class='ocrx_word' id='word_1_225' title='bbox 925 2434 969 2458; x_wconf 82' lang='lat' dir='ltr'>ea</span> <span class='ocrx_word' id='word_1_226' title='bbox 1005 2425 1138 2460; x_wconf 82' lang='lat' dir='ltr'>scholii</span> <span class='ocrx_word' id='word_1_227' title='bbox 1172 2438 1258 2471; x_wconf 79' lang='lat' dir='ltr'>pars</span> <span class='ocrx_word' id='word_1_228' title='bbox 1290 2439 1365 2462; x_wconf 85' lang='lat' dir='ltr'>non</span> <span class='ocrx_word' id='word_1_229' title='bbox 1401 2430 1455 2460; x_wconf 85' lang='lat' dir='ltr'>est</span> <span class='ocrx_word' id='word_1_230' title='bbox 1479 2426 1517 2459; x_wconf 90' lang='lat' dir='ltr'>in</span> <span class='ocrx_word' id='word_1_231' title='bbox 1542 2425 1622 2462; x_wconf 82' lang='lat' dir='ltr'>cod.</span> <span class='ocrx_word' id='word_1_232' title='bbox 1649 2425 1821 2471; x_wconf 80' lang='lat' dir='ltr'>SangalL</span> 
     </span>
     <span class='ocr_line' id='line_1_30' title="bbox 466 2483 1822 2533; baseline 0.001 -13"><span class='ocrx_word' id='word_1_233' title='bbox 466 2485 523 2520; x_wconf 85' lang='lat' dir='ltr'>De</span> <span class='ocrx_word' id='word_1_234' title='bbox 535 2485 734 2520; x_wconf 84' lang='lat' dir='ltr'>Heineckii</span> <span class='ocrx_word' id='word_1_235' title='bbox 759 2491 798 2522; x_wconf 86' lang='lat' dir='ltr'>et</span> <span class='ocrx_word' id='word_1_236' title='bbox 808 2488 962 2523; x_wconf 81' lang='lat' dir='ltr'>Weberi</span> <span class='ocrx_word' id='word_1_237' title='bbox 987 2499 1128 2529; x_wconf 85' lang='lat' dir='ltr'>errore,</span> <span class='ocrx_word' id='word_1_238' title='bbox 1147 2488 1244 2523; x_wconf 89' lang='lat' dir='ltr'>illud</span> <span class='ocrx_word' id='word_1_239' title='bbox 1269 2489 1334 2531; x_wconf 76' lang='lat' dir='ltr'>sic,</span> <span class='ocrx_word' id='word_1_240' title='bbox 1357 2483 1476 2531; x_wconf 65' lang='grc' dir='ltr'><em>οὕτως,</em></span> <span class='ocrx_word' id='word_1_241' title='bbox 1502 2487 1599 2533; x_wconf 87' lang='lat' dir='ltr'>quod</span> <span class='ocrx_word' id='word_1_242' title='bbox 1622 2498 1709 2521; x_wconf 90' lang='lat' dir='ltr'>cum</span> <span class='ocrx_word' id='word_1_243' title='bbox 1733 2498 1822 2522; x_wconf 89' lang='lat' dir='ltr'>con·</span> 
     </span>
     <span class='ocr_line' id='line_1_31' title="bbox 469 2548 1820 2594; baseline 0.003 -12"><span class='ocrx_word' id='word_1_244' title='bbox 469 2550 588 2582; x_wconf 82' lang='lat' dir='ltr'>temtu</span> <span class='ocrx_word' id='word_1_245' title='bbox 614 2548 660 2583; x_wconf 82' lang='lat' dir='ltr'>de</span> <span class='ocrx_word' id='word_1_246' title='bbox 684 2562 726 2585; x_wconf 89' lang='lat' dir='ltr'>re</span> <span class='ocrx_word' id='word_1_247' title='bbox 751 2551 827 2586; x_wconf 84' lang='lat' dir='ltr'>levi</span> <span class='ocrx_word' id='word_1_248' title='bbox 861 2556 896 2586; x_wconf 87' lang='lat' dir='ltr'>et</span> <span class='ocrx_word' id='word_1_249' title='bbox 929 2551 1008 2586; x_wconf 82' lang='lat' dir='ltr'>sine</span> <span class='ocrx_word' id='word_1_250' title='bbox 1043 2561 1134 2585; x_wconf 86' lang='lat' dir='ltr'>cura</span> <span class='ocrx_word' id='word_1_251' title='bbox 1168 2554 1253 2584; x_wconf 79' lang='lat' dir='ltr'>acta</span> <span class='ocrx_word' id='word_1_252' title='bbox 1289 2549 1446 2592; x_wconf 86' lang='lat' dir='ltr'>dicitur,</span> <span class='ocrx_word' id='word_1_253' title='bbox 1484 2550 1559 2584; x_wconf 87' lang='lat' dir='ltr'>huc</span> <span class='ocrx_word' id='word_1_254' title='bbox 1593 2551 1820 2594; x_wconf 82' lang='lat' dir='ltr'>vocantium,</span> 
     </span>
     <span class='ocr_line' id='line_1_32' title="bbox 468 2603 1819 2655; baseline 0.002 -12"><span class='ocrx_word' id='word_1_255' title='bbox 468 2608 565 2644; x_wconf 84' lang='lat' dir='ltr'>nihil</span> <span class='ocrx_word' id='word_1_256' title='bbox 594 2609 727 2646; x_wconf 80' lang='lat' dir='ltr'>dicam.</span> <span class='ocrx_word' id='word_1_257' title='bbox 779 2612 1007 2649; x_wconf 83' lang='lat' dir='ltr'>Huiusmodi</span> <span class='ocrx_word' id='word_1_258' title='bbox 1035 2611 1215 2647; x_wconf 79' lang='lat' dir='ltr'>orationis</span> <span class='ocrx_word' id='word_1_259' title='bbox 1242 2603 1330 2655; x_wconf 69' lang='grc' dir='ltr'>ἦθος</span> <span class='ocrx_word' id='word_1_260' title='bbox 1355 2611 1402 2645; x_wconf 82' lang='lat' dir='ltr'>ab</span> <span class='ocrx_word' id='word_1_261' title='bbox 1428 2611 1501 2646; x_wconf 85' lang='lat' dir='ltr'>hoc</span> <span class='ocrx_word' id='word_1_262' title='bbox 1526 2613 1608 2646; x_wconf 91' lang='lat' dir='ltr'>loco</span> <span class='ocrx_word' id='word_1_263' title='bbox 1635 2612 1819 2646; x_wconf 74' lang='lat' dir='ltr'>alienissi-</span> 
     </span>
     <span class='ocr_line' id='line_1_33' title="bbox 470 2671 1818 2716; baseline 0.003 -13"><span class='ocrx_word' id='word_1_264' title='bbox 470 2681 571 2704; x_wconf 90' lang='lat' dir='ltr'>mum</span> <span class='ocrx_word' id='word_1_265' title='bbox 599 2674 666 2713; x_wconf 82' lang='lat' dir='ltr'>cst,</span> <span class='ocrx_word' id='word_1_266' title='bbox 687 2672 751 2708; x_wconf 88' lang='lat' dir='ltr'>ubi</span> <span class='ocrx_word' id='word_1_267' title='bbox 776 2685 859 2708; x_wconf 81' lang='lat' dir='ltr'>nam</span> <span class='ocrx_word' id='word_1_268' title='bbox 885 2675 936 2708; x_wconf 69' lang='lat' dir='ltr'>tic</span> <span class='ocrx_word' id='word_1_269' title='bbox 961 2675 1125 2709; x_wconf 76' lang='lat' dir='ltr'>refertur</span> <span class='ocrx_word' id='word_1_270' title='bbox 1152 2673 1198 2707; x_wconf 86' lang='lat' dir='ltr'>ad</span> <span class='ocrx_word' id='word_1_271' title='bbox 1224 2671 1418 2716; x_wconf 82' lang='lat' dir='ltr'>superiora</span> <span class='ocrx_word' id='word_1_272' title='bbox 1444 2676 1481 2707; x_wconf 87' lang='lat' dir='ltr'>ct</span> <span class='ocrx_word' id='word_1_273' title='bbox 1506 2683 1658 2707; x_wconf 80' lang='lat' dir='ltr'>causam</span> <span class='ocrx_word' id='word_1_274' title='bbox 1684 2672 1818 2707; x_wconf 86' lang='lat' dir='ltr'>reddit.</span> 
     </span>
     <span class='ocr_line' id='line_1_34' title="bbox 468 2733 1817 2783; baseline -0.001 -15"><span class='ocrx_word' id='word_1_275' title='bbox 468 2735 547 2769; x_wconf 80' lang='lat' dir='ltr'>Nec</span> <span class='ocrx_word' id='word_1_276' title='bbox 569 2734 620 2768; x_wconf 78' lang='lat' dir='ltr'>sic</span> <span class='ocrx_word' id='word_1_277' title='bbox 645 2748 712 2781; x_wconf 80' lang='lat' dir='ltr'>per</span> <span class='ocrx_word' id='word_1_278' title='bbox 736 2750 773 2774; x_wconf 83' lang='lat' dir='ltr'>sc</span> <span class='ocrx_word' id='word_1_279' title='bbox 800 2742 851 2776; x_wconf 77' lang='lat' dir='ltr'>cst</span> <span class='ocrx_word' id='word_1_280' title='bbox 878 2739 1016 2776; x_wconf 70' lang='lat' dir='ltr'>leviter.</span> <span class='ocrx_word' id='word_1_281' title='bbox 1056 2734 1301 2783; x_wconf 56' lang='lat' dir='ltr'>vtcglrgentcm</span> <span class='ocrx_word' id='word_1_282' title='bbox 1337 2736 1379 2771; x_wconf 84' lang='lat' dir='ltr'>ut</span> <span class='ocrx_word' id='word_1_283' title='bbox 1404 2734 1456 2770; x_wconf 77' lang='grc' dir='ltr'>εἰσ</span> <span class='ocrx_word' id='word_1_284' title='bbox 1479 2733 1599 2771; x_wconf 73' lang='lat' dir='ltr'>obstat</span> <span class='ocrx_word' id='word_1_285' title='bbox 1625 2733 1673 2770; x_wconf 78' lang='lat' dir='ltr'>sit</span> <span class='ocrx_word' id='word_1_286' title='bbox 1698 2733 1817 2780; x_wconf 76' lang='lat' dir='ltr'>negli-</span> 
     </span>
     <span class='ocr_line' id='line_1_35' title="bbox 465 2799 751 2844; baseline 0.017 -13"><span class='ocrx_word' id='word_1_287' title='bbox 465 2803 594 2844; x_wconf 74' lang='lat' dir='ltr'>genter</span> <span class='ocrx_word' id='word_1_288' title='bbox 624 2799 751 2836; x_wconf 75' lang='lat' dir='ltr'>obstac.</span> 
     </span>
    </p>
   </div>
  </div>
 </body>
</html>
