1981 3390
392 233 492 279 238

333 365 428 392 esse
460 358 634 406 posset,
664 350 913 406 adiungitur
946 364 1006 392 ex
1036 349 1148 392 alius
1178 349 1470 392 iurisconsulti
1506 348 1618 391 libro
1651 350 1768 406 frag-

333 436 523 471 mentum
545 427 597 468 ad
625 426 759 468 altera
771 427 849 468 illa
868 429 1102 483 municipia
1117 430 1277 468 civium
1299 429 1392 468 sine
1414 428 1624 481 suffragio
1639 429 1772 482 perti-

333 519 461 553 nens3
493 506 537 545 in
566 519 648 559 quo
672 518 799 559 quum
827 506 909 544 tria
937 506 1022 544 sint
1048 503 1266 559 exempla,
1297 505 1380 545 duo
1402 505 1549 545 eadem
1577 512 1704 558 atque
1726 505 1770 544 in

334 581 469 622 altero
511 581 606 621 loco
649 589 748 620 sunt
787 580 1016 630 (Cumani,
1061 581 1315 633 Acerram).
1388 582 1474 622 Sed
1516 581 1586 622 hic
1625 589 1771 636 aperte

337 673 361 698 a
392 657 581 699 Servilio
615 660 731 695 cives
759 655 823 695 illi
851 656 1048 696 homines
1079 657 1378 711 appellantur,
1409 660 1480 712 qui
1511 658 1647 699 altero
1673 658 1771 700 loco

335 737 452 774 cives
483 748 568 773 non
601 733 735 773 fuisse
769 733 992 783 dicuntur,
1037 733 1188 773 eadem
1230 733 1431 773 nimirum
1471 736 1775 786 inconstantia,

336 824 429 865 quae
473 811 516 849 in
555 809 636 849 boc
668 809 891 850 hominum
927 825 1087 866 genere
1129 809 1388 864 appellando
1427 810 1776 865 frequentissima

338 896 418 938 est,
450 888 493 926 in
527 887 580 926 iis
611 886 780 937 saltem,
812 888 882 941 qui
914 889 1100 942 speciem
1126 885 1248 926 illam
1275 900 1363 926 suae
1396 887 1644 942 reipublicae
1675 889 1778 928 reti-

337 963 573 1013 nebant1).
650 962 800 1018 Itaque
845 977 904 1004 ex
955 964 1074 1004 Festi
1113 962 1221 1003 locis
1276 963 1357 1004 hoc
1397 978 1529 1004 unum
1578 963 1776 1015 efficitur,

336 1042 466 1081 etiam
499 1040 678 1080 subacta
720 1049 762 1080 et
796 1041 993 1095 parentia
1034 1041 1192 1080 civium
1233 1041 1326 1080 sine
1367 1041 1576 1095 suffragio
1618 1041 1776 1096 oppida

337 1118 570 1171 municipia
591 1117 806 1171 appellata
839 1131 949 1157 esse.
1005 1115 1072 1156 De
1106 1116 1305 1170 Dionysii
1337 1131 1418 1157 usu
1447 1115 1649 1157 vocabuli
1680 1119 1777 1160 ἰσο-

337 1193 695 1240 aviculas->iam
739 1194 860 1244 dixi,
909 1195 981 1248 qui
1021 1194 1150 1233 etiam
1187 1193 1428 1233 Formianis
1469 1192 1776 1248 Fundanisque

339 1270 523 1324 aliisque
554 1269 670 1309 bello
712 1270 869 1309 Latino
911 1269 1100 1309 subactis
1132 1268 1432 1315 ἰσοπολιτείας
1462 1268 1778 1324 μεταδοθῆναι

335 1346 485 1386 scribit
529 1347 591 1396 (in
632 1346 838 1400 Excerpt.
876 1362 917 1401 p.
962 1347 1049 1386 245
1092 1345 1332 1397 Tauchn.),
1373 1347 1484 1401 quod
1528 1346 1655 1400 quale
1708 1348 1779 1397 sit,

339 1438 397 1463 ex
419 1423 548 1463 Livio
580 1422 839 1477 intelligitur
872 1431 915 1462 et
948 1437 1006 1462 ex
1036 1423 1171 1477 ipsius
1202 1424 1464 1463 narratione.
1525 1421 1636 1463 Nam
1656 1422 1779 1463 solli-

339 1501 491 1539 citatos
517 1514 590 1539 eos
620 1500 749 1539 tradit
767 1500 818 1540 ad
839 1501 986 1554 iugum
1013 1499 1253 1539 Romanum
1273 1499 1593 1539 excutiendum.
1651 1499 1780 1547 Quod

339 1576 493 1615 deinde
526 1574 792 1615 Niebuhrius
823 1578 884 1629 (p.
913 1577 983 1626 72,
1014 1578 1070 1616 76
1093 1581 1197 1629 not.)
1231 1574 1394 1616 velleii
1412 1575 1628 1616 Paterculi
1659 1578 1780 1616 testi-

340 1653 485 1693 monio
531 1652 663 1692 utitur
711 1652 763 1692 de
805 1653 980 1713 civitate
1023 1652 1253 1713 Campam}-
1296 1657 1341 1692 et
1379 1657 1503 1705 parti
1540 1651 1780 1693 Samnitum

340 1729 440 1769 data
484 1728 539 1768 Τ.
571 1728 757 1770 Veturio
798 1728 1008 1779 Calvino,
1050 1730 1124 1784 Sp.
1161 1729 1383 1769 Postumio
1424 1743 1533 1769 coss.
1570 1731 1628 1779 (a.
1663 1731 1778 1780 334),

339 1806 390 1845 (le
431 1804 660 1857 Campanis
692 1805 916 1856 Velleius,
957 1813 1003 1845 ut
1036 1814 1101 1845 est
1132 1813 1369 1860 temporum
1403 1807 1582 1845 rationis
1612 1807 1654 1846 in
1688 1814 1779 1847 toto

340 1881 419 1921 illo
452 1881 548 1922 loco
592 1881 848 1937 negligens,
888 1882 971 1922 buc
1001 1881 1172 1931 retulit,
1218 1881 1331 1935 quod
1357 1881 1511 1922 Livius
1539 1883 1590 1922 ad
1620 1896 1779 1924 annum

339 1960 422 1998 338
442 1959 595 2003 refert;
622 1967 735 1998 certe
764 1960 834 2009 iis,
864 1960 936 2013 qui
963 1967 1163 2013 quattuor
1189 1966 1288 1998 ante
1309 1959 1432 1998 annis
1455 1957 1619 1999 subacti
1644 1968 1780 2010 erant,

340 2035 417 2076 illa
431 2036 537 2075 iuris
552 2034 820 2090 aequabilitas
833 2044 874 2075 et
893 2034 1115 2090 isopolitia
1133 2048 1335 2076 concessa
1351 2048 1436 2075 non
1454 2043 1542 2083 est;
1565 2035 1781 2077 Samnites

365 2207 403 2249 ¹)
434 2205 621 2245 Antiates,
658 2216 748 2248 quos
781 2204 908 2238 Livius
944 2203 1022 2250 ipsc
1058 2216 1091 2239 a.
1118 2204 1185 2239 338
1212 2203 1362 2239 civitate
1387 2205 1543 2240 donatos
1571 2205 1712 2246 scribit,
1738 2205 1783 2238 ad

433 2276 465 2298 a.
495 2264 564 2297 318
589 2265 681 2306 (IX,
708 2264 768 2305 20)
795 2266 911 2297 socios
939 2266 1128 2308 appellat3
1162 2266 1352 2298 Romanos
1389 2266 1686 2309 Campanorum,
1721 2265 1784 2308 qui

431 2325 505 2357 iam
526 2323 623 2356 cives
648 2323 726 2356 sine
751 2322 935 2366 suffragio
962 2326 1068 2355 erant
1097 2323 1224 2364 (VIII,
1258 2323 1344 2364 1-1),
1377 2323 1496 2356 socios
1524 2323 1692 2356 nominat
1718 2324 1781 2366 lx,

434 2384 479 2424 (ἰ,
506 2384 549 2423 7,
581 2383 788 2425 Campanos
811 2381 981 2413 universe
1006 2381 1124 2414 socios
1146 2382 1289 2420 XXIII,
1315 2381 1349 2415 5.
1406 2383 1544 2416 Contra
1563 2384 1782 2425 Acerranos,

436 2453 548 2487 quum
583 2442 713 2475 eodem
751 2440 911 2474 civitatis
947 2451 1084 2484 genere
1120 2441 1247 2474 donati
1281 2446 1418 2483 essent,
1456 2443 1634 2476 Romanos
1662 2443 1782 2477 factos

434 2502 563 2536 scribit
589 2502 694 2543 vin,
720 2501 775 2534 17.
826 2500 928 2534 Libr.
955 2505 1080 2533 autem
1105 2500 1252 2542 xxm,
1277 2501 1321 2534 31
1347 2512 1380 2534 a.
1401 2501 1470 2536 215
1495 2504 1680 2536 Cumanos
1704 2515 1780 2536 mu·

434 2563 571 2605 m’cipes
597 2561 715 2594 santos
740 2560 893 2599 scribit,
934 2559 1066 2603 quibus
1102 2559 1292 2594 civitatem
1325 2561 1404 2594 sine
1438 2563 1618 2607 suffragio
1645 2563 1719 2596 iam
1746 2575 1780 2598 a.

434 2622 503 2656 338
530 2623 655 2655 datam
680 2624 910 2653 narraverat.
967 2620 1097 2664 Itaquc
1109 2621 1439 2666 nuncsuss'ragium
1453 2623 1782 2667 datumintelfigit,

435 2687 492 2723 ct,
520 2693 541 2715 a.
568 2680 838 2714 iurisconsultis
865 2679 940 2713 illis
964 2680 1199 2724 discrepans,
1230 2681 1326 2715 cives
1351 2682 1428 2715 sine
1454 2683 1634 2728 suffragio
1659 2684 1781 2716 muni—

438 2743 562 2786 cipum
597 2740 746 2775 nomine
777 2740 949 2774 excludit.
1014 2740 1123 2774 Vides
1151 2741 1339 2775 inferioris
1365 2742 1500 2784 aetatis,
1537 2755 1650 2787 quum
1686 2744 1782 2777 nulli

433 2806 550 2837 essent
585 2800 764 2837 eiusmodi
801 2800 922 2840 cives,
966 2801 1140 2844 loquendi
1186 2801 1493 2844 inconstantiam,
1538 2803 1631 2837 nibil
1664 2803 1778 2838 aliud.
