1981 3390
467 220 566 267 500

400 339 527 380 binus
561 348 603 380 et
628 339 821 382 Orellins
847 350 1076 397 utrumque
1103 343 1449 391 coniunxerunt3
1480 343 1579 398 quid
1605 351 1697 384 erat
1721 345 1850 393 enim,

400 431 476 458 cur
517 417 599 458 hoc
644 417 820 459 Tullius
870 419 1070 469 adderet,
1124 429 1197 460 aut
1237 435 1311 461 cur
1365 423 1407 460 in
1454 420 1535 461 hoc
1577 420 1884 476 potissimum'

400 494 592 535 membro
625 496 811 535 iudicum
847 497 970 550 quasi
1003 498 1249 537 testimonio
1280 499 1499 538 uteretur?
1545 499 1629 539 Sed
1658 498 1848 538 nondum

398 574 529 612 Sanus
546 581 609 612 est
635 572 831 612 totushie
853 572 997 620 locus3
1032 574 1280 628 adiungitur
1295 576 1431 616 enim:
1465 589 1674 631 quumque
1687 557 1751 615 me
1778 575 1851 615 do-

398 663 488 689 mus
511 649 656 689 eudem
681 652 931 702 optimorum
958 655 1001 689 et
1020 650 1357 690 doctissimorum
1378 651 1678 705 (probabiliter
1695 652 1842 693 Garat.

386 726 753 779 fortissimormn)
788 731 974 767 virorum
1006 726 1156 767 Loenz'i
1191 726 1352 770 Flacci
1383 734 1424 768 et
1448 733 1593 782 patrie
1623 735 1664 768 et
1679 729 1849 777 fratris

397 807 490 844 eius
517 805 739 844 laetissima
771 808 1030 858 accepisset,
1064 818 1158 859 quoe
1180 811 1381 860 proximo
1412 819 1526 846 atino
1557 819 1751 846 maerens
1781 819 1849 846 re-

399 887 572 936 ceperat
605 887 649 921 et
676 895 751 922 suo
773 883 979 936 praesidio
1005 885 1290 938 periculoque
1320 883 1603 933 defenderat,
1642 895 1851 939 quumque

395 964 557 1000 itinere
589 964 677 1000 toto
707 958 832 999 urbes
874 959 1020 1000 Italico
1046 958 1194 1009 festos
1233 961 1325 1001 dies·
1365 975 1497 1015 agere
1530 961 1740 1002 adventus
1769 962 1855 1000 mei

397 1036 681 1086 videbantur,
710 1041 789 1077 viae
814 1037 1089 1077 multitudine
1122 1039 1359 1092 legatorum
1400 1039 1589 1092 undique
1628 1042 1849 1078 missorum

398 1113 752 1163 celebrabantur,
805 1114 864 1154 ad
912 1113 1056 1154 urbem
1100 1128 1297 1156 accessus
1350 1115 1602 1156 incredibili
1637 1114 1849 1154 hominum

396 1191 673 1232 mullitudine
705 1197 747 1232 et
772 1192 1072 1245 gratulatione
1083 1191 1283 1244 florebat
1309 1202 1389 1233 etc.
1447 1193 1637 1233 Primum
1669 1192 1851 1232 offendit

398 1271 593 1310 maximo
627 1283 757 1323 opere
791 1267 844 1308 ab
876 1268 1114 1310 editoribus
1146 1285 1198 1310 ne
1234 1269 1368 1311 verbo
1393 1270 1563 1325 quidem
1591 1282 1850 1310 commemo-

396 1356 489 1388 rata
533 1347 649 1387 modi
681 1345 905 1401 particulae
948 1347 1140 1388 adiuncti
1181 1348 1434 1398 diversitas,
1478 1349 1599 1388 cuius
1630 1345 1752 1387 nulla
1784 1353 1850 1386 est

396 1438 551 1465 causa:
587 1437 797 1478 quumque
834 1447 890 1454 —
937 1429 1178 1478 accepisset
1205 1439 1415 1480 quumque
1447 1410 1727 1475 videbantur,
1751 1422 1849 1464 rell.

395 1502 565 1542 Deinde
589 1503 804 1542 sententia
829 1500 952 1542 nulla
975 1510 1053 1542 est.
1116 1503 1336 1544 Particula
1363 1505 1478 1544 enim
1509 1516 1633 1557 quum
1663 1501 1850 1543 refertur

394 1580 447 1620 ad
467 1581 691 1634 superiora
708 1579 806 1621 illa:
843 1579 1192 1633 quemadmodum
1224 1581 1330 1621 mihi
1360 1581 1615 1621 advenienti
1641 1584 1846 1631 tanquam

394 1661 526 1698 totius
557 1656 708 1697 Italiae
744 1656 967 1711 dexterum
996 1661 1278 1709 porrexerint
1294 1657 1577 1704 Brundisini}
1611 1657 1729 1710 atqui
1748 1654 1849 1694 hinc

392 1743 508 1776 recte
539 1733 717 1789 pendet:
763 1746 887 1787 quum
923 1755 975 1763 —
1017 1738 1278 1787 accepisset;
1322 1736 1374 1775 de
1415 1734 1689 1775 Brundusino
1731 1732 1847 1772 enim

392 1813 582 1854 adventu
612 1811 705 1852 hoec
735 1825 903 1866 quoque
936 1811 1157 1861 dicuntur3
1188 1812 1372 1869 reliqua,
1402 1826 1495 1867 quae
1519 1811 1569 1853 ad
1603 1812 1684 1851 iter
1708 1808 1847 1850 Brun-

391 1890 516 1930 dusio
555 1888 739 1930 Romam
779 1889 940 1929 factum
997 1891 1239 1943 pertinent,
1293 1903 1471 1945 prorsus
1513 1902 1717 1945 perverse
1757 1886 1846 1927 illis

393 1968 700 2022 adiunguntur.
775 1965 867 2006 Iam
910 1965 1019 2006 nihil
1057 1967 1195 2008 dicam
1240 1967 1293 2008 de
1334 1966 1546 2022 languore
1579 1963 1847 2007 intolerabili

392 2046 627 2095 orationis,
665 2045 739 2100 qui
782 2045 919 2084 oritur
952 2044 1152 2085 omnibus
1188 2046 1288 2086 inde
1325 2060 1351 2085 a
1383 2044 1528 2085 verbis
1562 2047 1722 2084 itinere
1757 2047 1845 2082 toto

391 2121 688 2178 superioribus
720 2135 796 2176 per
836 2123 1183 2164 coniunctionem
1225 2121 1569 2172 adhaerentibus,
1619 2135 1711 2177 quae
1752 2122 1846 2173 ipsa

390 2215 468 2254 per
502 2214 548 2240 se
592 2199 785 2240 vividam
821 2198 1107 2255 celeriterque
1149 2200 1449 2242 decurrentem
1482 2201 1650 2241 itineris
1683 2199 1844 2239 descri-

391 2279 583 2332 ptionem
613 2275 787 2317 habent.
851 2276 1133 2331 Perspicuum
1163 2280 1267 2328 erit,
1313 2280 1490 2331 opinor,
1530 2278 1706 2333 peritis,
1738 2274 1845 2316 alte·

390 2368 486 2394 rum
519 2353 628 2392 illud
660 2366 868 2406 quumque
899 2356 1136 2408 antiquitus
1171 2356 1362 2395 additum
1402 2356 1537 2395 fuisse
1580 2353 1634 2394 ab
1681 2352 1842 2405 aliquo,

392 2431 467 2486 qui
496 2430 735 2470 orationem
767 2428 881 2469 malo
913 2429 1094 2470 consilio
1137 2432 1400 2486 coniungere
1434 2429 1647 2479 voluerit,
1678 2427 1841 2482 illoque

392 2508 584 2549 detracto
611 2520 734 2548 novae
759 2507 983 2547 sententiae
1008 2507 1177 2547 initium
1209 2507 1451 2548 faciendum
1483 2521 1578 2548 esse
1611 2505 1664 2546 ab
1696 2504 1842 2546 verbis

392 2588 560 2629 Itinere
591 2590 693 2626 toto.
760 2583 958 2625 Postulat
988 2585 1029 2625 id
1061 2586 1202 2639 ipsum
1233 2584 1320 2625 loci
1349 2586 1519 2625 initium
1550 2582 1842 2639 (quemadmo-

392 2663 490 2705 dum
535 2662 641 2703 milti
679 2662 933 2703 advenienti
971 2661 1086 2717 eta),
1126 2676 1184 2703 ex
1226 2676 1309 2717 quo
1353 2670 1549 2717 apertum
1596 2669 1690 2711 est,
1730 2660 1842 2701 redi-

393 2750 482 2782 tum
536 2743 580 2782 in
623 2741 730 2783 duas
769 2749 913 2798 partes
955 2739 1181 2791 distribui,
1237 2740 1469 2782 adventum
1519 2738 1839 2783 Brundusinam

393 2827 433 2859 et
464 2820 560 2860 iter.
