1981 3390
422 249 522 298 412

352 367 644 410 fundamentis
687 377 926 419 errassent,
961 382 1087 423 quam
1129 369 1265 411 multa
1304 370 1628 425 neglexissent,
1673 375 1799 414 intel-

350 445 550 500 lexitque
594 443 822 494 universe,
868 460 1062 499 quaenam
1106 455 1252 487 essent
1290 448 1451 499 optima
1487 455 1530 487 et
1561 450 1800 490 certissima

349 523 414 562 rei
452 521 651 576 gerendae
681 519 890 559 subsidia.
960 522 1045 562 Sed
1080 536 1208 576 quum
1239 524 1292 564 ad
1326 523 1479 564 horum
1509 524 1798 565 subsidiorum

351 600 605 652 scripturam
645 597 986 649 cognoscendam
1027 612 1156 637 unam
1189 598 1403 654 Hei-vagii
1447 600 1678 641 editionem
1724 600 1799 641 ha-

354 675 499 724 beret,
537 674 707 726 ductam
752 671 872 712 illam
916 673 1084 726 quidem
1130 673 1297 727 aliquot
1325 674 1432 715 locis‘
1466 677 1594 729 plane
1628 693 1650 717 e
1684 677 1798 717 bono

354 751 526 799 codice,
560 747 659 788 aliis
681 746 788 787 locis
819 762 878 787 ex
913 762 963 788 eo
999 749 1284 800 emendatam,
1313 752 1388 790 sed
1417 759 1560 792 tamen
1594 767 1671 793 nec
1703 768 1799 807 per-

349 835 481 882 petuo
513 839 591 865 nec
633 823 865 878 diligenter
907 825 960 865 ad
992 840 1089 866 eum
1124 835 1350 876 exactam,
1397 835 1438 867 et
1470 836 1679 880 praeterea
1713 843 1797 868 nou

351 903 510 945 multas
540 901 639 941 illas
672 902 716 940 in
748 909 835 941 tam
867 901 1000 956 longa
1041 904 1235 943 oratione
1273 903 1508 954 lectiones,
1551 918 1656 958 quas
1689 903 1799 944 Gru-

349 989 466 1022 terus
498 993 521 1019 e
552 976 762 1018 Gulielmi
795 977 1015 1018 codicibus
1046 987 1088 1019 et
1119 993 1198 1019 suo
1231 994 1315 1019 uno
1345 980 1457 1030 (Pal.
1476 984 1522 1029 9)
1547 981 1800 1036 protulerat,

350 1071 429 1097 nec
453 1056 558 1095 satis
591 1061 723 1094 totam
757 1068 848 1094 rem
892 1055 1116 1108 explicare
1156 1069 1235 1096 nec
1278 1058 1416 1107 viam,
1458 1059 1579 1098 cuius
1614 1058 1799 1112 vestigia

350 1130 713 1186 deprehenderat,
752 1133 950 1185 persequi
990 1130 1150 1185 ubique
1192 1141 1384 1186 poteram
1429 1142 1470 1174 et
1501 1148 1628 1188 quum
1665 1134 1706 1173 id
1735 1142 1798 1173 ta—

348 1225 447 1252 men
480 1208 608 1264 paulo
643 1208 862 1247 ardentius
908 1207 1278 1263 confidentiusque
1319 1218 1527 1258 tentaret,
1574 1210 1723 1248 incidit
1753 1211 1797 1248 in

348 1300 516 1328 errores
548 1284 778 1325 nonnullos
812 1292 853 1324 et
886 1284 1118 1339 aliquoties
1145 1286 1305 1326 frustra
1333 1288 1556 1340 ingenium
1586 1285 1798 1325 exercuit.

350 1362 544 1404 Orellius
586 1361 769 1415 denique
810 1362 854 1400 iu
893 1363 1058 1401 minore
1093 1361 1282 1402 editione
1326 1363 1454 1402 huius
1497 1370 1539 1402 et
1579 1360 1796 1402 Caelianae

350 1440 557 1482 orationis
589 1437 784 1490 plurimis
816 1439 859 1478 in
893 1437 1001 1478 locis
1036 1439 1294 1490 optimorum
1333 1440 1526 1479 codicum
1565 1440 1796 1479 auctorita-

348 1526 435 1558 tem
468 1524 585 1556 recte
615 1523 789 1555 secutus
820 1523 885 1554 est
915 1523 958 1555 et
987 1515 1202 1563 defendit3
1233 1516 1308 1567 sed
1333 1530 1461 1570 quum
1495 1529 1548 1554 ne
1582 1517 1674 1569 ipse
1705 1515 1796 1567 qui-

348 1594 445 1634 dem
477 1592 670 1632 codicum
702 1592 1004 1645 cognationem
1035 1593 1383 1646 propaginesque
1428 1605 1486 1631 ex
1531 1605 1616 1631 una
1652 1591 1794 1631 radice

347 1669 628 1711 multifariam
660 1667 854 1706 diductas
886 1668 991 1714 satis
1023 1675 1220 1708 accurate
1251 1676 1443 1708 notasset
1485 1676 1527 1707 et
1558 1667 1795 1722 explicuis-

346 1754 438 1796 set,
471 1746 534 1795 (in
569 1758 651 1799 quo
682 1743 791 1784 illud
826 1758 993 1798 quoque
1025 1744 1331 1798 impedimento
1365 1752 1479 1794 erat,
1529 1744 1640 1798 quod
1669 1745 1795 1783 unius

347 1831 514 1863 tantum
547 1818 791 1875 'perantiqui
823 1820 981 1860 codicis
1014 1822 1247 1875 scripturas
1278 1820 1406 1874 plene
1439 1828 1635 1860 enotatas
1662 1818 1795 1860 habe-

346 1899 445 1948 bat,
487 1899 555 1938 cui
600 1911 677 1937 nos
718 1897 902 1937 alterum
948 1897 1349 1951 adiungiimis,)'et
1395 1897 1604 1937 nonnulla
1651 1899 1792 1937 minus

347 1984 495 2016 contra
535 1973 717 2014 aliorum
762 1972 1053 2012 dubitationes
1095 1972 1310 2023 firmavit,
1355 1988 1481 2028 quam
1512 1982 1708 2028 poterat,
1749 1983 1793 2015 et

344 2052 558 2092 interdum
586 2052 678 2104 ipse
706 2049 852 2102 lapsus
884 2059 970 2097 est3
1002 2065 1078 2090 nec
1110 2050 1161 2090 ad
1195 2065 1246 2090 ea
1276 2051 1430 2091 menda
1460 2050 1667 2101 tollenda,
1701 2065 1793 2105 quae

347 2127 545 2169 omnibus
589 2125 806 2167 codicibus
846 2125 1083 2176 inhaerent,
1125 2127 1355 2181 quidquam
1387 2128 1616 2168 admodum
1650 2127 1794 2168 attulit

345 2214 440 2256 aut,
487 2219 578 2259 quae
613 2218 761 2244 eorum
793 2210 908 2243 esset
937 2204 1074 2253 ratio,
1122 2205 1340 2257 exposuit.
1417 2204 1494 2244 Est
1526 2213 1670 2244 autem
1702 2212 1791 2244 tota

346 2282 435 2322 haec
468 2296 536 2321 res
570 2283 631 2320 ita
663 2288 934 2334 comparata,
979 2287 1050 2329 ut,
1099 2275 1319 2334 explicata
1346 2295 1423 2330 ea,
1467 2280 1519 2320 de
1562 2295 1645 2334 qua
1681 2281 1789 2328 dixi,

345 2358 535 2398 codicum
569 2358 825 2409 cognatione
860 2370 1015 2408 magna
1046 2369 1144 2408 pars
1176 2369 1315 2394 causae
1348 2357 1471 2409 quasi
1503 2355 1662 2394 tabulis
1690 2370 1790 2395 con-

344 2435 526 2490 signatis
557 2440 598 2471 et
628 2430 892 2479 rationibus,
934 2431 971 2469 si
1003 2443 1086 2471 non
1116 2430 1453 2480 mathematicis,
1501 2439 1544 2471 at
1573 2431 1789 2472 historicis

342 2511 491 2564 peragi
521 2515 670 2563 queat,
704 2505 971 2560 sublatisque
1007 2505 1223 2546 erroribus
1258 2505 1544 2561 inanibusque
1578 2510 1787 2563 suspicio-

343 2587 468 2628 nibus
515 2586 670 2639 certior
717 2584 770 2626 ad
817 2584 1043 2623 veritatem
1087 2582 1390 2624 inveniendam
1437 2597 1586 2624 cursus
1637 2588 1789 2625 teneri.

345 2664 453 2712 Qum
485 2670 626 2701 autem
658 2661 709 2700 (le
743 2661 952 2700 Sestianae
986 2662 1193 2700 orationis
1226 2660 1502 2700 fundamento
1534 2662 1681 2701 critico
1703 2662 1788 2701 dis-

342 2748 489 2794 putata
521 2746 669 2787 erunt,
710 2737 856 2779 eadem
892 2739 1059 2786 omnia,
1105 2738 1300 2792 exceptis
1342 2738 1419 2787 iis,
1456 2751 1547 2791 qum
1582 2737 1632 2777 ad
1669 2737 1783 2778 codi-

344 2830 413 2856 ces
449 2815 677 2856 lacunosos
710 2812 1005 2870 pertinebunt,
1042 2812 1262 2854 transferri
1291 2822 1491 2867 poterunt
1525 2827 1608 2855 uon
1644 2812 1782 2854 solum
