1981 3390
1430 261 1528 309 235

154 398 296 424 rerum
330 382 643 424 administratio
677 379 816 420 libera
843 387 949 419 erat.
1022 379 1244 418 Postremo
1277 393 1301 418 a
1331 392 1417 419 suu:
1452 386 1595 434 gentis

153 460 354 515 populis,
395 460 469 514 qui
504 459 549 498 in
588 440 768 497 candem
802 456 1098 496 condicionem
1139 454 1302 495 redacti
1341 469 1425 496 non
1459 468 1596 507 crant,

156 539 274 578 omni
305 535 603 578 communione
630 532 816 583 sublata,
849 533 1106 573 commercio
1135 531 1451 587 connubioque,
1485 536 1597 588 quod

155 614 322 655 civibus
340 627 434 654 cum
451 612 693 666 peregrinis
714 624 798 651 non
817 618 924 660 erat,
952 610 1192 659 interdicto,
1225 608 1526 651 avellebantur
1545 613 1597 662 ¹).

244 745 345 779 modi
377 749 506 791 postea
542 755 689 789 quoquc
723 744 943 788 plerumque
979 742 1136 784 mansit,
1182 742 1252 776 etsi
1290 744 1412 778 Roma
1446 743 1600 777 missum

245 817 317 839 non
350 810 451 850 puto.
502 804 601 838 llinc
628 804 664 838 in
694 803 884 837 notissima
911 804 993 847 lege
1021 803 1154 836 Galliae
1180 803 1376 848 Cisalpina:
1402 804 1600 837 scribitur:

249 868 297 899 II
321 866 398 905 vIr,
437 864 501 897 111
528 865 603 904 vir,
637 865 836 908 proescctus
866 864 941 896 eius
969 863 1163 906 municipii.
1232 863 1364 907 Arpini
1389 869 1513 897 tamen
1541 864 1602 896 Ci-

247 925 391 959 ceronis
424 931 592 970 tempore
627 925 698 958 soli
734 924 857 956 aedtles
894 924 1133 956 creabantur.
1191 923 1289 955 Vera
1320 923 1436 967 igitur
1460 923 1602 967 reperi-

251 989 335 1026 tur,
383 986 481 1029 quod
522 984 569 1018 ad
608 983 752 1021 ¹civium
783 983 1038 1017 condicionem
1077 987 1114 1016 et
1150 982 1188 1014 id
1226 987 1382 1026 tempus,
1418 993 1485 1026 quo
1522 994 1604 1016 vere

244 1046 476 1089 proesceturoe
504 1047 632 1082 erant,
660 1044 844 1088 pertinet,
880 1043 1050 1088 vulgaris
1077 1043 1122 1076 de
1149 1043 1378 1087 praefecturis
1405 1042 1604 1083 sententia,

248 1104 471 1148 falliturque
497 1103 679 1138 hactenus
715 1103 938 1148 Savignius,
975 1104 1078 1137 cuius
1104 1114 1216 1137 causa
1244 1104 1322 1136 haec
1347 1103 1421 1136 dixi
1447 1103 1603 1145 (Gcsch.

251 1165 314 1198 des
350 1166 442 1199 rt'im.
471 1164 613 1198 Rechts
637 1163 689 1197 im
717 1164 910 1198 Mittelalt.
938 1164 976 1205 Ι,
1014 1177 1046 1209 p.
1074 1163 1130 1198 40.
1158 1164 1246 1206 41),
1281 1169 1316 1197 et
1344 1163 1406 1207 qui
1435 1175 1519 1197 cum
1547 1174 1604 1196 se-

251 1230 438 1270 quuntur3
467 1226 530 1258 sed
553 1225 666 1268 vulgo
694 1229 840 1265 errant,
869 1225 964 1268 quod
993 1225 1078 1269 lege
1107 1225 1256 1258 denium
1284 1224 1383 1257 Iulia
1410 1225 1605 1268 praet'cctu-

251 1284 302 1318 ris
319 1284 542 1329 suffragium
561 1285 690 1318 datum
708 1288 841 1330 putant
869 1289 933 1317 aut
951 1283 1061 1318 ctiam
1080 1290 1207 1328 postea
1225 1284 1451 1318 deteriorem
1477 1295 1608 1317 earum

250 1344 366 1378 fuisse
409 1344 675 1379 condicionem.
751 1344 926 1377 Ceterum
965 1344 1236 1389 oppidanarum
1284 1355 1411 1377 rerum
1449 1343 1609 1377 admini-

250 1405 471 1439 strationem
511 1416 605 1449 soepe
645 1404 875 1445 retinebant,
915 1416 984 1438 nec
1022 1416 1123 1450 aequc
1157 1404 1258 1438 duris
1298 1404 1447 1449 legibus
1481 1414 1609 1437 omncs

251 1466 607 1510 adstringebautur3
646 1476 733 1500 nam
759 1465 935 1499 Hernicis
960 1465 1059 1508 (Liv.
1086 1466 1160 1506 lx,
1198 1465 1262 1507 43)
1288 1464 1527 1498 interdictum
1555 1467 1610 1496 est

251 1525 559 1570 magistratibus;
602 1531 733 1559 contra
779 1526 863 1559 aliis
896 1537 970 1560 suae
1016 1525 1072 1558 rei
1109 1525 1266 1569 publicae
1304 1525 1446 1569 species
1481 1523 1610 1566 aliqua

252 1586 390 1620 relicta
425 1590 491 1621 est.
557 1585 837 1619 Veliternorum
871 1589 1062 1619 senatores
1102 1585 1344 1618 nominantur
1379 1583 1477 1626 (Liv.
1511 1582 1611 1623 vm,

253 1646 317 1689 lt)
357 1650 394 1680 ct
427 1645 697 1679 Fundanorum
735 1648 819 1690 post
856 1644 1045 1679 civitatem
1089 1644 1157 1678 illo
1197 1645 1307 1678 modo
1344 1645 1471 1679 datam
1511 1641 1610 1684 (Liv.

255 1705 363 1748 vm,
401 1706 477 1748 w).
544 1706 608 1741 Sic
639 1706 754 1740 etiam
789 1704 987 1749 Arpinates
1022 1705 1108 1738 illos
1147 1704 1270 1738 mdiles
1306 1716 1349 1739 ex
1383 1703 1609 1747 antiquitate

253 1771 417 1801 retentos
443 1770 556 1812 puto,
585 1777 713 1800 rerum
739 1766 1011 1812 oppidanarum
1036 1769 1249 1806 curatores,
1276 1776 1390 1809 quum
1419 1764 1613 1809 praefectus

257 1827 315 1861 ius
341 1827 503 1868 diceret,
539 1830 598 1868 ct,
631 1827 717 1860 dato
743 1826 949 1872 suffragio,
975 1826 1012 1860 in
1042 1826 1361 1871 praefeefistocum
1382 1823 1612 1858 successisse.

254 1888 310 1921 De
337 1886 536 1932 Campanis
561 1887 676 1932 paulo
706 1891 787 1931 post
812 1886 968 1921 dicetur.
1024 1888 1078 1921 Ex
1106 1887 1332 1932 praesecturae
1363 1885 1521 1928 denique
1547 1895 1614 1916 no·

255 1946 355 1980 minc
391 1958 476 1981 cum
510 1947 591 1992 ipsa
626 1946 786 1981 historia
831 1946 1031 1980 deditionis
1067 1947 1282 1986 conficitur,
1320 1945 1417 1989 quod
1452 1944 1488 1976 in
1527 1947 1616 1975 nota

257 2007 428 2051 proxima
453 2006 548 2046 dixi,
585 2006 861 2040 Privernatibus
896 2007 1059 2049 primum
1095 2006 1284 2038 civitatem
1320 2005 1399 2037 sinc
1432 2002 1613 2046 suffragio

259 2067 398 2100 datam.
461 2065 601 2108 [Quum
634 2077 757 2100 meam
790 2066 1011 2100 sententiam
1047 2066 1091 2098 dc
1122 2065 1432 2108 praefecturarum
1471 2062 1617 2107 origine

262 2130 298 2158 ct
325 2129 426 2158 statu
452 2130 487 2158 et
521 2125 585 2166 iis,
621 2137 699 2169 quae
734 2125 792 2159 his
822 2126 1018 2159 coniuncta
1060 2130 1163 2165 sunt,
1201 2125 1289 2159 satis
1326 2128 1362 2157 et
1395 2123 1615 2167 disputando

265 2189 301 2219 ct
325 2184 545 2218 testimoniis
577 2185 814 2219 confirmasse
839 2185 989 2226 videar,
1025 2197 1096 2219 non
1124 2190 1214 2230 puto
1247 2183 1465 2229 singulatim
1500 2183 1617 2216 refel-

263 2246 374 2279 lenda
407 2256 506 2286 esse,
546 2256 624 2289 qua:
658 2245 906 2288 Niebuhrius,
938 2245 1145 2291 opinationi
1180 2245 1401 2289 indulgens,
1436 2244 1474 2278 in
1510 2243 1618 2276 volu-

262 2305 363 2338 mine
389 2305 440 2338 111
465 2305 550 2338 hist.
578 2306 687 2339 Rom.
715 2318 750 2349 p.
775 2304 843 2338 338
867 2317 945 2349 sqq.
973 2307 1018 2339 de
1044 2317 1088 2339 ea
1113 2316 1154 2338 re
1178 2305 1352 2350 scripsit]

201 2366 238 2410 ²)
264 2365 344 2400 Liv.
380 2366 453 2406 lx,
492 2364 539 2397 43
570 2365 824 2398 Hernicorum
861 2366 982 2400 tribus
1023 2365 1195 2411 populis,
1236 2366 1370 2410 quibus
1404 2375 1477 2398 suae
1516 2364 1620 2408 leges

261 2425 424 2467 relicta,
460 2437 533 2459 non
571 2425 702 2460 civitas
740 2426 828 2460 data
864 2430 940 2468 est,
986 2427 1198 2461 connubium
1235 2427 1328 2460 inter
1363 2426 1485 2469 ipsos,
1526 2425 1621 2468 quod

265 2486 490 2530 aliquamdiu
544 2486 615 2518 soli
667 2485 907 2521 Hernicorum
955 2487 1170 2527 habuerint,
1217 2487 1433 2531 permissum
1477 2485 1618 2519 scribit.

263 2547 405 2580 Contra
431 2546 635 2589 Anagninis
660 2547 789 2590 quique
815 2559 917 2581 arma
943 2548 1114 2582 Romanis
1139 2548 1352 2589 intulerant,
1391 2547 1519 2579 civitas
1545 2546 1621 2578 sine

267 2606 443 2650 suffragii
466 2607 600 2640 latione
622 2608 733 2646 data,
775 2609 928 2642 concilia
955 2610 1201 2653 connubiaque
1224 2609 1418 2651 adempta,
1447 2605 1621 2639 videlicet

269 2678 354 2700 cum
381 2666 555 2701 Hernicis
589 2667 730 2702 liberis.
796 2670 938 2715 Eodem
969 2670 1086 2715 igitur
1120 2670 1230 2703 modo
1260 2668 1539 2712 interpretanda
1565 2665 1621 2697 vi<

265 2728 399 2760 dentur
424 2726 521 2760 Livii
549 2729 665 2762 verba
691 2729 799 2770 vus,
829 2730 874 2763 14
890 2731 935 2763 dc
960 2731 1122 2765 Latinis:
1151 2731 1298 2764 CoetcrIs
1318 2729 1456 2762 Latinis
1477 2727 1621 2771 populis

269 2788 446 2822 connubia
469 2790 748 2833 commerciaque
775 2794 809 2823 et
835 2791 987 2824 concilia
1014 2792 1108 2824 inter
1137 2802 1174 2824 sc
1199 2792 1430 2826 ademerunt,
1460 2791 1499 2820 ut
1527 2785 1624 2820 iuter

269 2848 420 2884 Latinos
446 2847 544 2883 cives
573 2852 608 2883 et
635 2861 708 2885 non
732 2849 829 2885 cives
856 2851 1082 2886 connubium
1110 2863 1182 2885 non
1210 2850 1334 2884 fucrit.
