1981 3390
1440 198 1534 245 501

269 325 317 366 C.
349 327 428 373 64,
463 325 569 373 1333,
614 320 837 362 Garatonii
873 320 1119 358 coniectura
1157 317 1328 370 aliquid
1342 318 1474 366 ficti,
1511 332 1603 372 quat

153 405 363 459 originem
396 402 538 442 mendi
572 398 774 454 patefacit
807 394 1011 446 (DDEF
1048 410 1124 450 pro
1168 393 1294 447 DF),
1337 395 1602 446 praeferenda

151 490 215 521 est
247 480 525 521 Manutianoe.
591 475 752 516 Eadem
794 475 986 514 sectione
1016 472 1219 514 lx'lotzius
1264 487 1287 512 e
1330 471 1432 513 Vnt.
1473 472 1605 513 scribi

151 559 266 599 vult:
300 557 390 596 Sed
417 559 511 610 quae's
540 556 707 594 nescit!
741 552 893 608 (vulgo
931 551 1038 599 (caes
1071 555 1208 592 nescit
1222 553 1261 603 f)
1322 550 1408 591 Sed
1434 550 1476 589 in
1510 550 1603 590 cod.

148 643 240 675 erat
271 647 317 674 se
350 637 467 687 qete's,
511 647 590 673 nec
628 632 705 673 sed
740 640 886 686 aptum
918 639 996 670 est.
1073 628 1288 670 Coniiciat
1321 627 1478 682 aliquis
1517 628 1604 668 for-

147 722 288 761 tasse,
331 712 466 751 fuisse
499 714 671 766 ecqm's3
717 709 791 750 sed
826 717 999 764 praestat
1027 712 1122 764 qne's
1153 709 1195 747 in
1228 706 1473 766 huiusmodi
1510 707 1604 745 irri-

149 791 289 830 dentis
321 790 676 844 interrogatione.
741 786 855 827 'rum
885 787 996 841 quod
1029 785 1224 826 Orellius
1252 784 1444 825 defendit
1462 786 1605 837 pelle-

148 873 207 908 re‘t
237 874 312 908 mc!
337 870 555 921 petiturus
587 869 670 914 sae‘t,
720 865 831 919 quod
863 864 972 904 nibil
1006 863 1273 917 frequentius
1302 861 1381 901 boc
1411 860 1603 915 perfecto

150 948 205 986 sit
236 947 278 985 in
310 944 454 1000 legum
491 941 715 991 formulis,
758 955 844 981 non
881 940 961 981 hoc
994 939 1279 996 ignorabant,
1322 940 1395 994 qui
1438 940 1482 978 in
1523 937 1605 978 hoc

148 1022 243 1064 loco
288 1022 525 1068 haeserunt3
566 1020 639 1060 sed
677 1027 764 1059 tum
799 1019 1037 1072 perfectum
1080 1019 1181 1074 poni
1214 1016 1447 1072 putabant,
1492 1016 1528 1055 si
1560 1017 1603 1055 in

151 1115 196 1141 re
228 1098 512 1154 improbanda
545 1099 809 1152 praeteritum
844 1106 1012 1150 tempus
1042 1097 1118 1137 lex
1151 1094 1510 1149 complecteretur
1544 1094 1605 1145 (et

149 1179 305 1218 dicitur
340 1186 427 1218 tum
447 1176 592 1226 fecit,
613 1175 812 1225 fec-erit,
845 1174 918 1216 nbi
957 1174 1140 1216 alterum
1174 1174 1365 1214 futurum
1399 1180 1464 1212 est
1497 1185 1606 1211 exa-

149 1255 300 1308 ctum).
361 1255 445 1295 Hic
490 1255 688 1309 quidem,
728 1253 803 1294 ubi
842 1253 942 1308 lege
983 1252 1188 1294 definitur
1221 1259 1389 1306 tempus
1430 1249 1605 1304 aliquod

151 1336 214 1375 rei
254 1333 439 1374 alicuius
480 1347 565 1373 non
598 1332 832 1383 faciendae,
875 1332 1113 1387 perfectum
1148 1331 1353 1371 vitiosum
1394 1330 1482 1378 est‘,
1524 1327 1606 1367 nisi

151 1413 268 1454 credi
303 1419 470 1467 potest,
521 1409 775 1451 Ciceronem
807 1409 983 1451 biennio
1013 1416 1110 1464 post
1141 1409 1394 1464 petitionem
1439 1404 1606 1461 gladia-

153 1500 268 1531 tores
302 1489 396 1530 dari
429 1502 508 1528 sua
539 1487 639 1544 lege
672 1489 878 1528 vetuisse.
936 1487 996 1528 At
1029 1487 1128 1543 quid
1165 1486 1203 1526 id
1238 1485 1288 1526 ad
1324 1482 1532 1525 ambitum
1564 1490 1608 1522 et

155 1570 241 1608 vim
268 1581 326 1608 ex
358 1567 569 1621 petitione
601 1565 839 1606 tollendam
870 1565 1146 1621 pertinebatss
1177 1572 1251 1605 aut
1279 1564 1374 1618 quis
1402 1568 1527 1616 putat
1555 1574 1607 1599 ea

152 1645 252 1700 lege
284 1645 587 1698 magistratus,
623 1645 712 1684 imo
745 1644 863 1698 ipsos
895 1643 1068 1694 aediles,
1099 1657 1123 1684 a
1155 1638 1472 1697 gladiatoribus
1506 1638 1610 1678 dan-

153 1723 219 1762 dis
248 1720 454 1762 exclusos
488 1721 610 1760 esse?
674 1720 901 1761 Accedunt
933 1721 1046 1776 legis
1079 1719 1215 1761 verba
1254 1720 1300 1759 in
1331 1719 1527 1758 oratione
1565 1717 1608 1755 in

153 1800 380 1840 Vatinium
405 1799 482 1847 15,
511 1799 582 1838 37.
654 1796 832 1839 Falsum
866 1807 931 1838 est
966 1800 1099 1852 igitur
1125 1786 1319 1851 petierit,
1354 1810 1433 1835 neo
1464 1803 1608 1834 tamen

152 1877 469 1933 corrigendum,
498 1876 574 1916 sed
602 1876 812 1916 eiicienda
837 1879 1023 1930 petierit
1057 1881 1146 1924 unt,
1181 1875 1326 1915 addita
1361 1872 1415 1913 ab
1446 1871 1609 1926 aliquo,

153 1957 226 2010 qui
259 1954 403 1995 locum
435 1951 622 1994 similem
653 1953 900 1994 Vatiniana,-
930 1953 1026 1995 loco
1053 1953 1196 1993 facere
1226 1950 1394 2001 voluit,
1426 1951 1470 1990 in
1502 1957 1607 1989 tem-

152 2047 255 2088 pore
284 2031 408 2073 verbi
425 2045 589 2072 errans.
650 2030 802 2076 Cicero
827 2032 907 2073 hoc
935 2031 1032 2073 loco
1062 2032 1102 2071 id
1134 2031 1276 2086 posuit
1305 2028 1463 2078 solum,
1495 2025 1608 2081 quod

151 2112 414 2165 praecipuum
447 2118 539 2150 erat
570 2117 611 2150 et
646 2109 830 2150 alterum
865 2108 1245 2165 complectebatur,
1275 2103 1606 2162 pertinebatque

152 2189 206 2228 ad
239 2188 493 2237 Vatinium,
538 2196 634 2242 post
671 2189 937 2242 superiorem
984 2187 1203 2242 repulsam
1244 2183 1496 2226 aedilitatem
1528 2183 1607 2222 ite-

150 2279 245 2305 rum
276 2272 492 2319 petentem
520 2267 827 2318 petiturumve.
902 2265 968 2306 Ac
1007 2263 1102 2305 fieri
1136 2271 1303 2320 potest,
1344 2270 1391 2302 ut
1431 2268 1609 2316 propter

152 2344 292 2397 ipsam
319 2341 440 2383 illam
469 2345 705 2396 superioris
735 2343 922 2399 repulsa)
940 2344 1193 2384 memoriam
1211 2339 1496 2396 interpolator
1512 2351 1608 2390 per-

152 2420 312 2462 fectum
344 2422 554 2473 posuerit.

270 2497 320 2538 C.
362 2499 439 2549 64,
480 2500 562 2539 134
609 2497 829 2550 Orellius,
877 2507 1051 2540 sec-utus
1102 2498 1336 2539 editionem
1377 2495 1607 2548 Hei-vagii,

153 2574 308 2614 edidit:
337 2574 469 2622 facit
495 2580 557 2625 is,
602 2579 679 2629 qul
705 2589 841 2630 neque
884 2576 1004 2618 elabi
1041 2590 1100 2617 ex
1132 2576 1295 2616 iudicio
1335 2571 1608 2613 iucunditate

149 2667 228 2693 ειια
270 2665 407 2706 neque
459 2655 573 2692 eniti
603 2657 755 2706 gratia
791 2659 934 2706 potest
979 2668 1117 2710 neque
1156 2652 1304 2706 opibus
1339 2655 1379 2690 el
1409 2652 1607 2702 potentia

150 2731 270 2785 leges
314 2744 368 2771 ac
401 2730 570 2771 iudicia
599 2728 897 2785 perfringere.
967 2731 1117 2787 Vulgo
1159 2739 1251 2771 erat
1292 2731 1456 2776 emitti,
1495 2726 1606 2781 quod

151 2807 271 2850 codd.
324 2807 609 2859 confirmant,
656 2807 915 2850 parisiensis
957 2823 1127 2865 quoque
1163 2805 1369 2862 (Naug.),
1411 2803 1607 2845 utnulla
