1981 3390
421 188 488 237 36
528 237 531 239 .

352 311 407 351 01
446 308 673 352 Heinecke
712 317 828 352 recte
871 312 1162 365 interpunxit)
1213 315 1346 354 mirus
1391 321 1458 354 est
1500 326 1619 354 error
1662 328 1799 370 eoque

352 395 444 429 tota
471 388 715 430 continetur
744 387 836 429 haec
867 389 1180 444 interpretatio.
1253 390 1368 432 Lora
1408 392 1523 432 enim
1566 390 1694 433 homo
1721 391 1798 433 ille

351 467 544 507 tenuisse
559 465 728 516 dicitur,
749 467 1001 521 quumipse,
1021 467 1103 508 hoc
1125 476 1205 519 est,
1231 476 1276 508 ut
1304 468 1466 520 dicunt,
1491 467 1624 521 Nero,
1651 471 1798 510 amicae

352 557 399 584 se
423 544 625 592 iactaret3
657 551 836 598 apparet
848 545 1122 599 interpretes,
1147 545 1422 597 totaillares,
1454 561 1580 602 quam
1606 555 1797 588 notatam

350 629 520 675 putant,
549 620 690 676 qualis
723 629 853 672 esset,
886 635 973 663 non
1005 624 1234 678 cogitasse.
1302 622 1417 673 Quid
1447 624 1593 666 enimi&
1619 624 1797 666 hoccine

351 700 556 740 traditum
591 705 684 749 est,
715 697 935 740 Neronem
965 699 1184 741 nobilibus
1214 702 1377 755 aurigis
1409 702 1565 743 usum&
1617 702 1796 744 hoccine

350 777 396 816 in
426 791 478 817 eo
509 778 705 818 certatim
738 778 968 832 exagitant
996 776 1254 832 scriptores?
1307 776 1444 818 Immo
1460 779 1503 819 id
1521 792 1648 820 nemo
1668 780 1796 830 dixit,

350 867 491 909 neque
523 855 754 910 quidquam
799 870 824 896 a
863 855 1006 895 studio
1035 854 1115 895 illo
1141 854 1330 896 Neronis
1364 854 1564 896 alienius.
1622 855 1721 911 Ipse
1750 858 1796 898 in

317 933 462 973 ‘circo
495 934 728 988 aurigavit,
755 934 849 987 ipse
884 947 1090 988 equorum
1124 934 1311 988 agitator
1337 933 1434 974 fuit.
1491 932 1578 975 Sed
1607 925 1796 975 nondum

347 1010 454 1050 satis
483 1011 656 1050 erroris.
713 1009 904 1051 Iactasse
942 1024 989 1050 se
1033 1010 1189 1051 dicitur
1231 1011 1404 1059 amicae3
1455 1025 1539 1066 qua
1571 1010 1646 1051 rei
1694 1012 1796 1067 quid

348 1094 414 1127 est
446 1088 562 1128 euim
594 1076 722 1148 ¹aliud
763 1091 933 1128 iactare
972 1100 1018 1128 se
1059 1089 1198 1128 alicua·
1228 1102 1355 1143 quam
1388 1102 1434 1129 se
1465 1102 1651 1143 suasque
1681 1097 1795 1131 artes

347 1171 391 1204 et
418 1163 532 1206 bona
561 1165 807 1206 ostentareZ
841 1164 1092 1207 Amator-ias
1122 1164 1301 1206 delicias
1333 1180 1479 1221 agere,
1507 1174 1556 1206 ut
1583 1167 1795 1221 interpre—

347 1249 518 1293 tantur,
558 1257 697 1298 neque
732 1251 824 1292 est,
861 1256 1002 1296 neque
1046 1257 1108 1283 eae
1144 1251 1254 1297 aptae
1301 1243 1540 1297 admodum
1569 1243 1623 1284 ad
1661 1258 1793 1285 axem

346 1318 537 1359 citatum.
607 1319 724 1368 Quid
755 1319 889 1374 igitur
919 1319 1104 1360 iactatur
1134 1321 1180 1360 in
1201 1319 1281 1360 hac
1304 1333 1504 1361 curruum
1525 1322 1793 1376 agitatione?

346 1395 454 1445 Quae
483 1411 571 1438 una
607 1404 780 1451 poterat
808 1411 1022 1452 quamque
1054 1399 1127 1438 isti
1160 1397 1357 1439 homines
1389 1399 1435 1439 in
1467 1412 1634 1440 summa
1662 1399 1792 1440 laude

342 1472 577 1527 ponebant,
611 1473 839 1529 aurigandi
870 1488 966 1523 ars;
997 1489 1091 1516 eam
1124 1483 1268 1517 autem
1302 1475 1560 1526 ostentabat,
1593 1478 1666 1531 qui
1697 1476 1793 1518 lora

342 1549 534 1602 tenebat,
575 1550 867 1592 Automedon.
941 1551 1223 1608 Perspicuum
1272 1555 1358 1595 iam
1400 1563 1488 1604 est,
1541 1554 1655 1595 hunc
1696 1569 1792 1595 esse

342 1632 479 1683 ipsum
507 1628 649 1682 illum,
679 1643 898 1686 unumque
929 1629 1147 1672 hominem
1179 1632 1336 1683 notari,
1371 1639 1413 1672 et
1442 1633 1505 1673 sic
1534 1645 1630 1673 esse
1659 1633 1793 1672 inter-

342 1707 644 1763 pungendum:

1158 1800 1257 1827 nam
1288 1785 1382 1827 lora
1415 1784 1591 1826 tenebat

563 1862 702 1919 'Ipse,
733 1862 962 1905 lacernatae
995 1864 1074 1905 (fiac.

459 1940 642 1981 Eiicitur
678 1942 814 1995 igitur
846 1955 906 1982 ex
936 1940 1019 1982 hoc
1054 1940 1151 1982 loco
1182 1940 1300 1981 Nero
1331 1954 1425 1981 cum
1457 1954 1535 1980 suo
1571 1940 1790 1980 comitatu.

342 2016 454 2058 Nam
489 2019 672 2059 amicam
702 2017 967 2059 lacernatam
1003 2019 1116 2073 quod
1150 2018 1340 2075 Sporum
1365 2018 1544 2067 faciunt,
1578 2017 1673 2072 quis
1703 2030 1790 2056 non

340 2096 472 2147 videt,
505 2096 716 2151 Sporum,
762 2110 889 2152 quem
935 2095 1161 2138 mulierem
1205 2094 1375 2137 efficere
1415 2094 1532 2136 Nero
1575 2093 1790 2145 studebat,

339 2172 573 2214 muliebria
606 2176 866 2214 vestimenta
898 2175 1134 2228 sumpsisse
1163 2173 1257 2222 (cfr.
1291 2172 1397 2214 Suet
1423 2171 1527 2212 Ner.
1558 2173 1663 2221 280,
1696 2179 1788 2211 tan-

340 2258 516 2306 tumque
546 2249 714 2300 abesse,
747 2259 795 2290 ut
822 2252 860 2291 is
891 2249 1033 2291 virilis
1062 2249 1235 2290 habitus
1263 2250 1481 2290 mentione
1502 2246 1786 2304 significetur,

339 2336 388 2369 ut
420 2336 568 2370 contra
598 2327 824 2370 muliebris
852 2326 1163 2383 significandus
1182 2326 1342 2368 fuerit?
1371 2326 1532 2368 Verbis
1559 2324 1668 2366 nihil
1687 2340 1786 2366 con-

338 2406 501 2448 tinetur
525 2407 611 2447 nisi
632 2407 779 2462 imago
796 2405 990 2447 mulieris
1017 2420 1102 2447 non
1122 2405 1424 2462 pudicissimae,
1459 2403 1607 2445 viriles
1642 2411 1786 2444 vestes

336 2484 563 2527 imitantis.
650 2470 947 2539 Complectar’
974 2486 1107 2541 igitur
1158 2485 1316 2526 omnia.
1407 2480 1630 2527 Iuvenalis
1673 2482 1786 2522 inter

338 2570 494 2604 caetera
525 2561 740 2604 scelerum
781 2571 823 2603 et
862 2561 1127 2618 flagitiorum
1160 2561 1367 2617 exempla
1402 2559 1607 2601 describit
1648 2559 1785 2599 homi-

337 2654 437 2682 nem
468 2641 620 2682 insano
662 2640 888 2696 aurigandi
921 2641 1062 2681 studio
1102 2654 1161 2681 ex
1187 2641 1351 2681 divitiis
1385 2639 1437 2680 ad
1469 2638 1657 2694 inopiam
1687 2635 1782 2676 red-

339 2726 481 2760 actum
522 2727 565 2760 et
603 2732 758 2761 munus
796 2717 983 2760 militare
1023 2720 1294 2775 impudenter
1337 2725 1580 2773 petentem,
1627 2715 1817 2773 inopiae·

340 2808 398 2837 ex
428 2795 601 2853 publico
628 2796 852 2847 levamen3
894 2798 986 2839 eius
1023 2798 1199 2839 incitato
1240 2809 1365 2838 cursu
1398 2794 1655 2837 Flaminiam
1686 2806 1783 2849 spe-
