<?xml version="1.0" encoding="UTF-8"?>
<!DOCTYPE html PUBLIC "-//W3C//DTD XHTML 1.0 Transitional//EN"
    "http://www.w3.org/TR/xhtml1/DTD/xhtml1-transitional.dtd">
<html xmlns="http://www.w3.org/1999/xhtml" xml:lang="en" lang="en">
 <head>
  <title>
</title>
<meta http-equiv="Content-Type" content="text/html;charset=utf-8" />
  <meta name='ocr-system' content='tesseract 3.04.00' />
  <meta name='ocr-capabilities' content='ocr_page ocr_carea ocr_par ocr_line ocrx_word'/>
</head>
<body>
  <div class='ocr_page' id='page_1' title='image "./ionicolaimadvigi01madvuoft_0444.png"; bbox 0 0 1981 3390; ppageno 0'>
   <div class='ocr_carea' id='block_1_1' title="bbox 429 244 528 293">
    <p class='ocr_par' dir='ltr' id='par_1_1' title="bbox 429 244 528 293">
     <span class='ocr_line' id='line_1_1' title="bbox 429 244 528 293; baseline 0 0"><span class='ocrx_word' id='word_1_1' title='bbox 429 244 528 293; x_wconf 80' lang='lat'>430</span> 
     </span>
    </p>
   </div>
   <div class='ocr_carea' id='block_1_2' title="bbox 346 363 1823 2105">
    <p class='ocr_par' dir='ltr' id='par_1_2' title="bbox 346 363 1823 2105">
     <span class='ocr_line' id='line_1_2' title="bbox 353 363 1796 422; baseline 0.002 -17"><span class='ocrx_word' id='word_1_2' title='bbox 353 378 435 405; x_wconf 78' lang='lat' dir='ltr'>nus</span> <span class='ocrx_word' id='word_1_3' title='bbox 473 363 600 405; x_wconf 85' lang='lat' dir='ltr'>facile</span> <span class='ocrx_word' id='word_1_4' title='bbox 641 370 784 419; x_wconf 80' lang='lat' dir='ltr'>patet,</span> <span class='ocrx_word' id='word_1_5' title='bbox 836 377 964 405; x_wconf 86' lang='lat' dir='ltr'>unam</span> <span class='ocrx_word' id='word_1_6' title='bbox 1002 378 1098 406; x_wconf 89' lang='lat' dir='ltr'>esse</span> <span class='ocrx_word' id='word_1_7' title='bbox 1140 365 1292 407; x_wconf 83' lang='lat' dir='ltr'>horum</span> <span class='ocrx_word' id='word_1_8' title='bbox 1335 365 1529 406; x_wconf 85' lang='lat' dir='ltr'>codicum</span> <span class='ocrx_word' id='word_1_9' title='bbox 1570 367 1796 422; x_wconf 80' lang='lat' dir='ltr'>originem,</span> 
     </span>
     <span class='ocr_line' id='line_1_3' title="bbox 356 439 1798 497; baseline 0.002 -16"><span class='ocrx_word' id='word_1_10' title='bbox 356 440 410 482; x_wconf 84' lang='lat' dir='ltr'>ab</span> <span class='ocrx_word' id='word_1_11' title='bbox 441 442 568 481; x_wconf 85' lang='lat' dir='ltr'>istius</span> <span class='ocrx_word' id='word_1_12' title='bbox 602 439 942 482; x_wconf 80' lang='lat' dir='ltr'>abbreviationis</span> <span class='ocrx_word' id='word_1_13' title='bbox 975 450 1149 482; x_wconf 85' lang='lat' dir='ltr'>auctore</span> <span class='ocrx_word' id='word_1_14' title='bbox 1187 442 1448 497; x_wconf 83' lang='lat' dir='ltr'>profectam,</span> <span class='ocrx_word' id='word_1_15' title='bbox 1484 442 1798 497; x_wconf 79' lang='lat' dir='ltr'>digredientem</span> 
     </span>
     <span class='ocr_line' id='line_1_4' title="bbox 355 516 1797 560; baseline 0.001 -1"><span class='ocrx_word' id='word_1_16' title='bbox 355 518 509 559; x_wconf 91' lang='lat' dir='ltr'>deinde</span> <span class='ocrx_word' id='word_1_17' title='bbox 525 519 681 558; x_wconf 89' lang='lat' dir='ltr'>iterum</span> <span class='ocrx_word' id='word_1_18' title='bbox 706 518 749 557; x_wconf 92' lang='lat' dir='ltr'>in</span> <span class='ocrx_word' id='word_1_19' title='bbox 776 531 888 557; x_wconf 86' lang='lat' dir='ltr'>nova</span> <span class='ocrx_word' id='word_1_20' title='bbox 911 516 1238 559; x_wconf 83' lang='lat' dir='ltr'>abbreviatione</span> <span class='ocrx_word' id='word_1_21' title='bbox 1258 518 1564 560; x_wconf 84' lang='lat' dir='ltr'>nonnullorum</span> <span class='ocrx_word' id='word_1_22' title='bbox 1588 520 1797 560; x_wconf 89' lang='lat' dir='ltr'>codicum.</span> 
     </span>
     <span class='ocr_line' id='line_1_5' title="bbox 354 590 1800 649; baseline 0 -12"><span class='ocrx_word' id='word_1_23' title='bbox 354 594 507 649; x_wconf 86' lang='lat' dir='ltr'>Neque</span> <span class='ocrx_word' id='word_1_24' title='bbox 538 594 651 634; x_wconf 89' lang='lat' dir='ltr'>enim</span> <span class='ocrx_word' id='word_1_25' title='bbox 682 607 805 642; x_wconf 84' lang='lat' dir='ltr'>casu,</span> <span class='ocrx_word' id='word_1_26' title='bbox 833 593 945 647; x_wconf 90' lang='lat' dir='ltr'>quod</span> <span class='ocrx_word' id='word_1_27' title='bbox 974 590 1081 632; x_wconf 85' lang='lat' dir='ltr'>folia</span> <span class='ocrx_word' id='word_1_28' title='bbox 1110 607 1169 632; x_wconf 86' lang='lat' dir='ltr'>ex</span> <span class='ocrx_word' id='word_1_29' title='bbox 1206 593 1351 649; x_wconf 84' lang='lat' dir='ltr'>aliquo</span> <span class='ocrx_word' id='word_1_30' title='bbox 1382 596 1527 637; x_wconf 88' lang='lat' dir='ltr'>codice</span> <span class='ocrx_word' id='word_1_31' title='bbox 1557 596 1800 637; x_wconf 88' lang='lat' dir='ltr'>intercidis-</span> 
     </span>
     <span class='ocr_line' id='line_1_6' title="bbox 357 668 1802 728; baseline 0.002 -17"><span class='ocrx_word' id='word_1_32' title='bbox 357 679 474 721; x_wconf 83' lang='lat' dir='ltr'>sent,</span> <span class='ocrx_word' id='word_1_33' title='bbox 506 669 568 711; x_wconf 79' lang='lat' dir='ltr'>hae</span> <span class='ocrx_word' id='word_1_34' title='bbox 600 668 764 710; x_wconf 83' lang='lat' dir='ltr'>lacunae</span> <span class='ocrx_word' id='word_1_35' title='bbox 798 678 900 709; x_wconf 85' lang='lat' dir='ltr'>ortae</span> <span class='ocrx_word' id='word_1_36' title='bbox 933 676 1053 718; x_wconf 88' lang='lat' dir='ltr'>sunt,</span> <span class='ocrx_word' id='word_1_37' title='bbox 1094 669 1170 709; x_wconf 87' lang='lat' dir='ltr'>sed</span> <span class='ocrx_word' id='word_1_38' title='bbox 1200 670 1299 710; x_wconf 84' lang='lat' dir='ltr'>data</span> <span class='ocrx_word' id='word_1_39' title='bbox 1333 685 1463 725; x_wconf 85' lang='lat' dir='ltr'>opera</span> <span class='ocrx_word' id='word_1_40' title='bbox 1493 687 1569 723; x_wconf 85' lang='lat' dir='ltr'>ea,</span> <span class='ocrx_word' id='word_1_41' title='bbox 1609 686 1707 728; x_wconf 73' lang='lat' dir='ltr'>quae</span> <span class='ocrx_word' id='word_1_42' title='bbox 1736 675 1802 714; x_wconf 86' lang='lat' dir='ltr'>vi-</span> 
     </span>
     <span class='ocr_line' id='line_1_7' title="bbox 357 745 1803 800; baseline 0.001 -13"><span class='ocrx_word' id='word_1_43' title='bbox 357 747 568 788; x_wconf 80' lang='lat' dir='ltr'>debantur</span> <span class='ocrx_word' id='word_1_44' title='bbox 601 747 734 786; x_wconf 87' lang='lat' dir='ltr'>nimia</span> <span class='ocrx_word' id='word_1_45' title='bbox 772 759 895 795; x_wconf 84' lang='lat' dir='ltr'>esse,</span> <span class='ocrx_word' id='word_1_46' title='bbox 942 745 1220 800; x_wconf 84' lang='lat' dir='ltr'>maximeque</span> <span class='ocrx_word' id='word_1_47' title='bbox 1251 745 1545 800; x_wconf 83' lang='lat' dir='ltr'>digressiones</span> <span class='ocrx_word' id='word_1_48' title='bbox 1574 762 1803 789; x_wconf 84' lang='lat' dir='ltr'>excessus-</span> 
     </span>
     <span class='ocr_line' id='line_1_8' title="bbox 357 821 1806 878; baseline 0.001 -15"><span class='ocrx_word' id='word_1_49' title='bbox 357 838 440 878; x_wconf 90' lang='lat' dir='ltr'>que</span> <span class='ocrx_word' id='word_1_50' title='bbox 473 823 680 864; x_wconf 81' lang='lat' dir='ltr'>nrationis</span> <span class='ocrx_word' id='word_1_51' title='bbox 712 830 754 862; x_wconf 91' lang='lat' dir='ltr'>et</span> <span class='ocrx_word' id='word_1_52' title='bbox 784 821 989 862; x_wconf 84' lang='lat' dir='ltr'>historica</span> <span class='ocrx_word' id='word_1_53' title='bbox 1023 821 1199 872; x_wconf 42' lang='lat' dir='ltr'>multas</span> <span class='ocrx_word' id='word_1_54' title='bbox 1230 823 1274 862; x_wconf 91' lang='lat' dir='ltr'>in</span> <span class='ocrx_word' id='word_1_55' title='bbox 1307 821 1355 863; x_wconf 86' lang='lat' dir='ltr'>C.</span> <span class='ocrx_word' id='word_1_56' title='bbox 1389 831 1431 863; x_wconf 90' lang='lat' dir='ltr'>et</span> <span class='ocrx_word' id='word_1_57' title='bbox 1468 822 1506 863; x_wconf 90' lang='lat' dir='ltr'>T</span> <span class='ocrx_word' id='word_1_58' title='bbox 1538 826 1667 865; x_wconf 82' lang='lat' dir='ltr'>etiam</span> <span class='ocrx_word' id='word_1_59' title='bbox 1699 839 1806 865; x_wconf 86' lang='lat' dir='ltr'>non-</span> 
     </span>
     <span class='ocr_line' id='line_1_9' title="bbox 360 898 1808 954; baseline 0.001 -14"><span class='ocrx_word' id='word_1_60' title='bbox 360 900 502 950; x_wconf 80' lang='lat' dir='ltr'>nulla,</span> <span class='ocrx_word' id='word_1_61' title='bbox 544 913 636 954; x_wconf 86' lang='lat' dir='ltr'>quae</span> <span class='ocrx_word' id='word_1_62' title='bbox 678 900 805 939; x_wconf 83' lang='lat' dir='ltr'>nimis</span> <span class='ocrx_word' id='word_1_63' title='bbox 849 899 1083 950; x_wconf 73' lang='lat' dir='ltr'>depravata</span> <span class='ocrx_word' id='word_1_64' title='bbox 1122 898 1406 950; x_wconf 84' lang='lat' dir='ltr'>videbantur,</span> <span class='ocrx_word' id='word_1_65' title='bbox 1451 908 1498 939; x_wconf 89' lang='lat' dir='ltr'>ut</span> <span class='ocrx_word' id='word_1_66' title='bbox 1525 902 1576 950; x_wconf 88' lang='grc'>6,</span> <span class='ocrx_word' id='word_1_67' title='bbox 1606 902 1660 940; x_wconf 79' lang='grc'><strong>14</strong></span> <span class='ocrx_word' id='word_1_68' title='bbox 1691 909 1734 940; x_wconf 89' lang='lat' dir='ltr'>et</span> <span class='ocrx_word' id='word_1_69' title='bbox 1765 903 1808 951; x_wconf 85' lang='lat'>8,</span> 
     </span>
     <span class='ocr_line' id='line_1_10' title="bbox 359 975 1807 1032; baseline 0.001 -15"><span class='ocrx_word' id='word_1_70' title='bbox 359 979 428 1028; x_wconf 86' lang='grc'><strong>19,</strong></span> <span class='ocrx_word' id='word_1_71' title='bbox 462 978 522 1017; x_wconf 87' lang='lat' dir='ltr'>ita</span> <span class='ocrx_word' id='word_1_72' title='bbox 553 977 712 1017; x_wconf 83' lang='lat' dir='ltr'>omissa</span> <span class='ocrx_word' id='word_1_73' title='bbox 741 983 864 1025; x_wconf 87' lang='lat' dir='ltr'>sunt,</span> <span class='ocrx_word' id='word_1_74' title='bbox 897 983 944 1014; x_wconf 89' lang='lat' dir='ltr'>ut</span> <span class='ocrx_word' id='word_1_75' title='bbox 975 989 1060 1015; x_wconf 87' lang='lat' dir='ltr'>non</span> <span class='ocrx_word' id='word_1_76' title='bbox 1095 975 1236 1015; x_wconf 77' lang='lat' dir='ltr'>solunt</span> <span class='ocrx_word' id='word_1_77' title='bbox 1267 978 1548 1030; x_wconf 70' lang='lat' dir='ltr'>grammatica</span> <span class='ocrx_word' id='word_1_78' title='bbox 1579 978 1807 1032; x_wconf 82' lang='lat' dir='ltr'>integritas</span> 
     </span>
     <span class='ocr_line' id='line_1_11' title="bbox 360 1051 1810 1106; baseline 0.001 -13"><span class='ocrx_word' id='word_1_79' title='bbox 360 1055 695 1102; x_wconf 88' lang='lat' dir='ltr'>sententiarum,</span> <span class='ocrx_word' id='word_1_80' title='bbox 727 1053 802 1092; x_wconf 89' lang='lat' dir='ltr'>sed</span> <span class='ocrx_word' id='word_1_81' title='bbox 832 1053 961 1093; x_wconf 86' lang='lat' dir='ltr'>etiam</span> <span class='ocrx_word' id='word_1_82' title='bbox 993 1051 1149 1106; x_wconf 89' lang='lat' dir='ltr'>aliquis</span> <span class='ocrx_word' id='word_1_83' title='bbox 1188 1066 1330 1092; x_wconf 85' lang='lat' dir='ltr'>nexus</span> <span class='ocrx_word' id='word_1_84' title='bbox 1361 1055 1568 1093; x_wconf 84' lang='lat' dir='ltr'>orationis</span> <span class='ocrx_word' id='word_1_85' title='bbox 1601 1062 1810 1105; x_wconf 85' lang='lat' dir='ltr'>maneret,</span> 
     </span>
     <span class='ocr_line' id='line_1_12' title="bbox 362 1127 1810 1183; baseline 0.001 -13"><span class='ocrx_word' id='word_1_86' title='bbox 362 1130 483 1170; x_wconf 85' lang='lat' dir='ltr'>cuius</span> <span class='ocrx_word' id='word_1_87' title='bbox 516 1127 729 1170; x_wconf 90' lang='lat' dir='ltr'>efficiendi</span> <span class='ocrx_word' id='word_1_88' title='bbox 760 1143 889 1169; x_wconf 83' lang='lat' dir='ltr'>causa</span> <span class='ocrx_word' id='word_1_89' title='bbox 919 1130 1047 1169; x_wconf 87' lang='lat' dir='ltr'>etiam</span> <span class='ocrx_word' id='word_1_90' title='bbox 1078 1130 1339 1183; x_wconf 83' lang='lat' dir='ltr'>transposita</span> <span class='ocrx_word' id='word_1_91' title='bbox 1370 1139 1469 1170; x_wconf 84' lang='lat' dir='ltr'>sunt</span> <span class='ocrx_word' id='word_1_92' title='bbox 1498 1129 1733 1181; x_wconf 89' lang='lat' dir='ltr'>nonnulla,</span> <span class='ocrx_word' id='word_1_93' title='bbox 1763 1139 1810 1170; x_wconf 89' lang='lat' dir='ltr'>ut</span> 
     </span>
     <span class='ocr_line' id='line_1_13' title="bbox 362 1205 1808 1261; baseline 0 -14"><span class='ocrx_word' id='word_1_94' title='bbox 362 1221 398 1248; x_wconf 89' lang='lat' dir='ltr'>c.</span> <span class='ocrx_word' id='word_1_95' title='bbox 429 1207 507 1257; x_wconf 85' lang='lat'>54,</span> <span class='ocrx_word' id='word_1_96' title='bbox 541 1208 622 1246; x_wconf 89' lang='grc'>116</span> <span class='ocrx_word' id='word_1_97' title='bbox 655 1205 751 1257; x_wconf 73' lang='lat' dir='ltr'>(Ex</span> <span class='ocrx_word' id='word_1_98' title='bbox 779 1212 822 1246; x_wconf 81' lang='lat' dir='ltr'>te</span> <span class='ocrx_word' id='word_1_99' title='bbox 854 1208 1009 1260; x_wconf 68' lang='lat' dir='ltr'>igitur)</span> <span class='ocrx_word' id='word_1_100' title='bbox 1052 1213 1094 1245; x_wconf 88' lang='lat' dir='ltr'>et</span> <span class='ocrx_word' id='word_1_101' title='bbox 1135 1213 1272 1261; x_wconf 85' lang='lat' dir='ltr'>totum</span> <span class='ocrx_word' id='word_1_102' title='bbox 1302 1220 1338 1246; x_wconf 89' lang='lat' dir='ltr'>c.</span> <span class='ocrx_word' id='word_1_103' title='bbox 1371 1208 1428 1246; x_wconf 79' lang='lat'>55</span> <span class='ocrx_word' id='word_1_104' title='bbox 1462 1215 1557 1261; x_wconf 88' lang='lat' dir='ltr'>post</span> <span class='ocrx_word' id='word_1_105' title='bbox 1585 1206 1663 1246; x_wconf 83' lang='lat' dir='ltr'>illa</span> <span class='ocrx_word' id='word_1_106' title='bbox 1694 1208 1738 1247; x_wconf 93' lang='lat' dir='ltr'>in</span> <span class='ocrx_word' id='word_1_107' title='bbox 1772 1222 1808 1247; x_wconf 84' lang='lat' dir='ltr'>c.</span> 
     </span>
     <span class='ocr_line' id='line_1_14' title="bbox 362 1281 1810 1335; baseline -0.001 -11"><span class='ocrx_word' id='word_1_108' title='bbox 362 1285 432 1334; x_wconf 81' lang='lat'>56,</span> <span class='ocrx_word' id='word_1_109' title='bbox 466 1285 571 1324; x_wconf 76' lang='lat'>119:</span> <span class='ocrx_word' id='word_1_110' title='bbox 601 1297 744 1323; x_wconf 79' lang='lat' dir='ltr'>omues</span> <span class='ocrx_word' id='word_1_111' title='bbox 778 1296 872 1332; x_wconf 79' lang='lat' dir='ltr'>eos,</span> <span class='ocrx_word' id='word_1_112' title='bbox 904 1285 981 1335; x_wconf 79' lang='lat' dir='ltr'>qni</span> <span class='ocrx_word' id='word_1_113' title='bbox 996 1287 1224 1335; x_wconf 76' lang='lat' dir='ltr'>putentur,</span> <span class='ocrx_word' id='word_1_114' title='bbox 1256 1290 1298 1322; x_wconf 87' lang='lat' dir='ltr'>et</span> <span class='ocrx_word' id='word_1_115' title='bbox 1328 1291 1516 1334; x_wconf 76' lang='lat' dir='ltr'>mutata3</span> <span class='ocrx_word' id='word_1_116' title='bbox 1551 1282 1739 1323; x_wconf 77' lang='lat' dir='ltr'>velutin</span> <span class='ocrx_word' id='word_1_117' title='bbox 1771 1281 1810 1323; x_wconf 91' lang='lat' dir='ltr'>T</span> 
     </span>
     <span class='ocr_line' id='line_1_15' title="bbox 362 1357 1823 1414; baseline -0.001 -13"><span class='ocrx_word' id='word_1_118' title='bbox 362 1369 405 1401; x_wconf 85' lang='lat' dir='ltr'>et</span> <span class='ocrx_word' id='word_1_119' title='bbox 437 1358 471 1401; x_wconf 88' lang='lat' dir='ltr'>C</span> <span class='ocrx_word' id='word_1_120' title='bbox 502 1375 538 1401; x_wconf 86' lang='lat' dir='ltr'>c.</span> <span class='ocrx_word' id='word_1_121' title='bbox 566 1362 617 1410; x_wconf 87' lang='grc'>6,</span> <span class='ocrx_word' id='word_1_122' title='bbox 650 1361 726 1410; x_wconf 80' lang='lat'>14,</span> <span class='ocrx_word' id='word_1_123' title='bbox 755 1360 926 1400; x_wconf 88' lang='lat' dir='ltr'>omissis</span> <span class='ocrx_word' id='word_1_124' title='bbox 956 1358 1069 1399; x_wconf 82' lang='lat' dir='ltr'>illis:</span> <span class='ocrx_word' id='word_1_125' title='bbox 1116 1357 1187 1398; x_wconf 81' lang='lat' dir='ltr'>De</span> <span class='ocrx_word' id='word_1_126' title='bbox 1218 1372 1299 1414; x_wconf 77' lang='lat' dir='ltr'>quo</span> <span class='ocrx_word' id='word_1_127' title='bbox 1331 1359 1498 1413; x_wconf 71' lang='lat' dir='ltr'>quidem</span> <span class='ocrx_word' id='word_1_128' title='bbox 1527 1383 1584 1392; x_wconf 88' lang='lat'>--</span> <span class='ocrx_word' id='word_1_129' title='bbox 1610 1364 1823 1414; x_wconf 62' lang='lat' dir='ltr'>mma-cri·-</span> 
     </span>
     <span class='ocr_line' id='line_1_16' title="bbox 363 1434 1810 1492; baseline -0.001 -15"><span class='ocrx_word' id='word_1_130' title='bbox 363 1436 485 1487; x_wconf 84' lang='lat' dir='ltr'>bere,</span> <span class='ocrx_word' id='word_1_131' title='bbox 523 1438 725 1492; x_wconf 85' lang='lat' dir='ltr'>proxima</span> <span class='ocrx_word' id='word_1_132' title='bbox 765 1438 827 1477; x_wconf 89' lang='lat' dir='ltr'>sic</span> <span class='ocrx_word' id='word_1_133' title='bbox 871 1434 1137 1477; x_wconf 84' lang='lat' dir='ltr'>scribuntur:</span> <span class='ocrx_word' id='word_1_134' title='bbox 1202 1434 1290 1482; x_wconf 79' lang='lat' dir='ltr'>Qm·</span> <span class='ocrx_word' id='word_1_135' title='bbox 1323 1435 1568 1478; x_wconf 70' lang='lat' dir='ltr'>tribunatus</span> <span class='ocrx_word' id='word_1_136' title='bbox 1611 1440 1810 1491; x_wconf 71' lang='lat' dir='ltr'>quoniam</span> 
     </span>
     <span class='ocr_line' id='line_1_17' title="bbox 364 1511 1814 1566; baseline -0.001 -12"><span class='ocrx_word' id='word_1_137' title='bbox 364 1513 479 1555; x_wconf 67' lang='lat' dir='ltr'>nihil</span> <span class='ocrx_word' id='word_1_138' title='bbox 506 1513 642 1556; x_wconf 69' lang='lat' dir='ltr'>alind.</span> <span class='ocrx_word' id='word_1_139' title='bbox 706 1513 791 1553; x_wconf 88' lang='lat' dir='ltr'>Sed</span> <span class='ocrx_word' id='word_1_140' title='bbox 832 1514 876 1552; x_wconf 91' lang='lat' dir='ltr'>in</span> <span class='ocrx_word' id='word_1_141' title='bbox 909 1511 989 1553; x_wconf 88' lang='lat' dir='ltr'>hac</span> <span class='ocrx_word' id='word_1_142' title='bbox 1029 1521 1148 1553; x_wconf 85' lang='lat' dir='ltr'>tanta</span> <span class='ocrx_word' id='word_1_143' title='bbox 1180 1513 1224 1552; x_wconf 88' lang='lat' dir='ltr'>in</span> <span class='ocrx_word' id='word_1_144' title='bbox 1266 1512 1348 1553; x_wconf 91' lang='lat' dir='ltr'>hoc</span> <span class='ocrx_word' id='word_1_145' title='bbox 1386 1527 1545 1566; x_wconf 87' lang='lat' dir='ltr'>genere</span> <span class='ocrx_word' id='word_1_146' title='bbox 1579 1514 1814 1554; x_wconf 86' lang='lat' dir='ltr'>communi-</span> 
     </span>
     <span class='ocr_line' id='line_1_18' title="bbox 364 1589 1815 1639; baseline -0.001 -9"><span class='ocrx_word' id='word_1_147' title='bbox 364 1599 452 1631; x_wconf 83' lang='lat' dir='ltr'>tate</span> <span class='ocrx_word' id='word_1_148' title='bbox 505 1590 903 1630; x_wconf 84' lang='lat' dir='ltr'>manifestissimum</span> <span class='ocrx_word' id='word_1_149' title='bbox 948 1597 1091 1629; x_wconf 86' lang='lat' dir='ltr'>tamen</span> <span class='ocrx_word' id='word_1_150' title='bbox 1138 1597 1230 1639; x_wconf 84' lang='lat' dir='ltr'>est,</span> <span class='ocrx_word' id='word_1_151' title='bbox 1282 1603 1366 1629; x_wconf 86' lang='lat' dir='ltr'>non</span> <span class='ocrx_word' id='word_1_152' title='bbox 1412 1603 1507 1629; x_wconf 86' lang='lat' dir='ltr'>esse</span> <span class='ocrx_word' id='word_1_153' title='bbox 1545 1603 1693 1630; x_wconf 90' lang='lat' dir='ltr'>omnes</span> <span class='ocrx_word' id='word_1_154' title='bbox 1735 1589 1815 1629; x_wconf 88' lang='lat' dir='ltr'>hos</span> 
     </span>
     <span class='ocr_line' id='line_1_19' title="bbox 365 1665 1816 1720; baseline 0 -14"><span class='ocrx_word' id='word_1_155' title='bbox 365 1665 588 1707; x_wconf 76' lang='lat' dir='ltr'>mutilatos</span> <span class='ocrx_word' id='word_1_156' title='bbox 638 1666 805 1707; x_wconf 89' lang='lat' dir='ltr'>codices</span> <span class='ocrx_word' id='word_1_157' title='bbox 851 1679 910 1713; x_wconf 74' lang='lat' dir='ltr'>ex</span> <span class='ocrx_word' id='word_1_158' title='bbox 954 1680 1005 1705; x_wconf 90' lang='lat' dir='ltr'>eo</span> <span class='ocrx_word' id='word_1_159' title='bbox 1045 1669 1352 1719; x_wconf 72' lang='lat' dir='ltr'>transcriptos,</span> <span class='ocrx_word' id='word_1_160' title='bbox 1395 1680 1520 1720; x_wconf 79' lang='lat' dir='ltr'>quein</span> <span class='ocrx_word' id='word_1_161' title='bbox 1567 1666 1694 1706; x_wconf 87' lang='lat' dir='ltr'>homo</span> <span class='ocrx_word' id='word_1_162' title='bbox 1733 1667 1816 1706; x_wconf 89' lang='lat' dir='ltr'>iste</span> 
     </span>
     <span class='ocr_line' id='line_1_20' title="bbox 363 1740 1817 1799; baseline -0.001 -15"><span class='ocrx_word' id='word_1_163' title='bbox 363 1745 540 1799; x_wconf 87' lang='lat' dir='ltr'>ignotus</span> <span class='ocrx_word' id='word_1_164' title='bbox 558 1744 788 1783; x_wconf 82' lang='lat' dir='ltr'>contraxit.</span> <span class='ocrx_word' id='word_1_165' title='bbox 843 1740 957 1782; x_wconf 87' lang='lat' dir='ltr'>Tum</span> <span class='ocrx_word' id='word_1_166' title='bbox 986 1743 1099 1782; x_wconf 88' lang='lat' dir='ltr'>enim</span> <span class='ocrx_word' id='word_1_167' title='bbox 1129 1741 1238 1782; x_wconf 85' lang='lat' dir='ltr'>nihil</span> <span class='ocrx_word' id='word_1_168' title='bbox 1269 1750 1382 1782; x_wconf 86' lang='lat' dir='ltr'>esset</span> <span class='ocrx_word' id='word_1_169' title='bbox 1411 1743 1522 1782; x_wconf 82' lang='lat' dir='ltr'>inter</span> <span class='ocrx_word' id='word_1_170' title='bbox 1550 1756 1624 1782; x_wconf 89' lang='lat' dir='ltr'>eos</span> <span class='ocrx_word' id='word_1_171' title='bbox 1659 1742 1817 1783; x_wconf 88' lang='lat' dir='ltr'>discre-</span> 
     </span>
     <span class='ocr_line' id='line_1_21' title="bbox 363 1818 1815 1875; baseline 0 -15"><span class='ocrx_word' id='word_1_172' title='bbox 363 1818 550 1875; x_wconf 84' lang='lat' dir='ltr'>pantiae,&#39;</span> <span class='ocrx_word' id='word_1_173' title='bbox 570 1820 654 1858; x_wconf 89' lang='lat' dir='ltr'>nisi</span> <span class='ocrx_word' id='word_1_174' title='bbox 682 1818 793 1873; x_wconf 88' lang='lat' dir='ltr'>quod</span> <span class='ocrx_word' id='word_1_175' title='bbox 824 1828 974 1873; x_wconf 86' lang='lat' dir='ltr'>postea</span> <span class='ocrx_word' id='word_1_176' title='bbox 993 1827 1133 1859; x_wconf 87' lang='lat' dir='ltr'>ortum</span> <span class='ocrx_word' id='word_1_177' title='bbox 1161 1826 1275 1858; x_wconf 82' lang='lat' dir='ltr'>esset</span> <span class='ocrx_word' id='word_1_178' title='bbox 1292 1819 1587 1860; x_wconf 82' lang='lat' dir='ltr'>recentissimo</span> <span class='ocrx_word' id='word_1_179' title='bbox 1609 1828 1815 1874; x_wconf 82' lang='lat' dir='ltr'>tempore,</span> 
     </span>
     <span class='ocr_line' id='line_1_22' title="bbox 367 1893 1819 1950; baseline 0 -14"><span class='ocrx_word' id='word_1_180' title='bbox 367 1910 506 1950; x_wconf 90' lang='lat' dir='ltr'>neque</span> <span class='ocrx_word' id='word_1_181' title='bbox 539 1893 634 1935; x_wconf 82' lang='lat' dir='ltr'>fieri</span> <span class='ocrx_word' id='word_1_182' title='bbox 671 1903 842 1950; x_wconf 84' lang='lat' dir='ltr'>posset,</span> <span class='ocrx_word' id='word_1_183' title='bbox 884 1904 932 1935; x_wconf 89' lang='lat' dir='ltr'>ut</span> <span class='ocrx_word' id='word_1_184' title='bbox 965 1894 1163 1936; x_wconf 89' lang='lat' dir='ltr'>nonnulli</span> <span class='ocrx_word' id='word_1_185' title='bbox 1205 1910 1263 1935; x_wconf 83' lang='lat' dir='ltr'>ex</span> <span class='ocrx_word' id='word_1_186' title='bbox 1306 1894 1372 1935; x_wconf 91' lang='lat' dir='ltr'>his</span> <span class='ocrx_word' id='word_1_187' title='bbox 1402 1894 1620 1936; x_wconf 85' lang='lat' dir='ltr'>codicibus</span> <span class='ocrx_word' id='word_1_188' title='bbox 1653 1895 1819 1950; x_wconf 82' lang='lat' dir='ltr'>aliquot</span> 
     </span>
     <span class='ocr_line' id='line_1_23' title="bbox 346 1970 1818 2027; baseline -0.001 -14"><span class='ocrx_word' id='word_1_189' title='bbox 346 1971 474 2013; x_wconf 61' lang='lat' dir='ltr'>“locis</span> <span class='ocrx_word' id='word_1_190' title='bbox 505 1981 622 2013; x_wconf 85' lang='lat' dir='ltr'>certa</span> <span class='ocrx_word' id='word_1_191' title='bbox 663 1971 872 2013; x_wconf 79' lang='lat' dir='ltr'>haberent</span> <span class='ocrx_word' id='word_1_192' title='bbox 912 1973 1098 2027; x_wconf 86' lang='lat' dir='ltr'>vestigia</span> <span class='ocrx_word' id='word_1_193' title='bbox 1143 1973 1362 2027; x_wconf 74' lang='lat' dir='ltr'>scripturae</span> <span class='ocrx_word' id='word_1_194' title='bbox 1409 1970 1592 2013; x_wconf 84' lang='lat' dir='ltr'>alicuius</span> <span class='ocrx_word' id='word_1_195' title='bbox 1629 1974 1673 2012; x_wconf 92' lang='lat' dir='ltr'>in</span> <span class='ocrx_word' id='word_1_196' title='bbox 1719 1971 1818 2012; x_wconf 86' lang='lat' dir='ltr'>aliis</span> 
     </span>
     <span class='ocr_line' id='line_1_24' title="bbox 372 2048 1818 2105; baseline -0.001 -15"><span class='ocrx_word' id='word_1_197' title='bbox 372 2051 560 2105; x_wconf 86' lang='lat' dir='ltr'>antiquis</span> <span class='ocrx_word' id='word_1_198' title='bbox 589 2064 675 2090; x_wconf 90' lang='lat' dir='ltr'>non</span> <span class='ocrx_word' id='word_1_199' title='bbox 706 2048 970 2090; x_wconf 82' lang='lat' dir='ltr'>abbreviatis</span> <span class='ocrx_word' id='word_1_200' title='bbox 1002 2048 1221 2089; x_wconf 85' lang='lat' dir='ltr'>codicibus</span> <span class='ocrx_word' id='word_1_201' title='bbox 1250 2057 1437 2104; x_wconf 79' lang='lat' dir='ltr'>repertae</span> <span class='ocrx_word' id='word_1_202' title='bbox 1464 2058 1537 2090; x_wconf 81' lang='lat' dir='ltr'>aut</span> <span class='ocrx_word' id='word_1_203' title='bbox 1569 2050 1705 2105; x_wconf 85' lang='lat' dir='ltr'>ipsam</span> <span class='ocrx_word' id='word_1_204' title='bbox 1724 2063 1818 2090; x_wconf 88' lang='lat' dir='ltr'>eam</span> 
     </span>
    </p>
   </div>
   <div class='ocr_carea' id='block_1_3' title="bbox 460 2174 1825 2877">
    <p class='ocr_par' dir='ltr' id='par_1_3' title="bbox 460 2174 1825 2877">
     <span class='ocr_line' id='line_1_25' title="bbox 465 2174 1820 2218; baseline 0 -11"><span class='ocrx_word' id='word_1_205' title='bbox 465 2176 510 2208; x_wconf 86' lang='lat' dir='ltr'>ad</span> <span class='ocrx_word' id='word_1_206' title='bbox 540 2186 685 2208; x_wconf 84' lang='lat' dir='ltr'>necesse</span> <span class='ocrx_word' id='word_1_207' title='bbox 712 2179 788 2214; x_wconf 82' lang='lat' dir='ltr'>est,</span> <span class='ocrx_word' id='word_1_208' title='bbox 826 2174 886 2215; x_wconf 76' lang='lat'>57,</span> <span class='ocrx_word' id='word_1_209' title='bbox 921 2174 991 2208; x_wconf 89' lang='grc'>122</span> <span class='ocrx_word' id='word_1_210' title='bbox 1017 2175 1091 2208; x_wconf 85' lang='lat' dir='ltr'>Pro</span> <span class='ocrx_word' id='word_1_211' title='bbox 1120 2175 1174 2208; x_wconf 75' lang='lat' dir='ltr'>dii</span> <span class='ocrx_word' id='word_1_212' title='bbox 1197 2175 1242 2209; x_wconf 78' lang='lat' dir='ltr'>ad</span> <span class='ocrx_word' id='word_1_213' title='bbox 1268 2174 1334 2215; x_wconf 84' lang='grc'>58,</span> <span class='ocrx_word' id='word_1_214' title='bbox 1367 2174 1435 2209; x_wconf 79' lang='grc'>123</span> <span class='ocrx_word' id='word_1_215' title='bbox 1462 2187 1508 2209; x_wconf 81' lang='grc' dir='ltr'>απ</span> <span class='ocrx_word' id='word_1_216' title='bbox 1527 2175 1710 2218; x_wconf 77' lang='lat' dir='ltr'>princt’pes</span> <span class='ocrx_word' id='word_1_217' title='bbox 1734 2174 1820 2208; x_wconf 82' lang='grc' dir='ltr'><strong><em>οίυί-</em></strong></span> 
     </span>
     <span class='ocr_line' id='line_1_26' title="bbox 460 2234 1820 2276; baseline 0 -8"><span class='ocrx_word' id='word_1_218' title='bbox 460 2235 574 2274; x_wconf 76' lang='lat' dir='ltr'>tatis,</span> <span class='ocrx_word' id='word_1_219' title='bbox 615 2234 679 2274; x_wconf 85' lang='lat'>58,</span> <span class='ocrx_word' id='word_1_220' title='bbox 718 2235 786 2269; x_wconf 84' lang='grc'>125</span> <span class='ocrx_word' id='word_1_221' title='bbox 810 2236 872 2269; x_wconf 77' lang='lat' dir='ltr'>ubi</span> <span class='ocrx_word' id='word_1_222' title='bbox 894 2240 998 2269; x_wconf 79' lang='lat' dir='ltr'>erant</span> <span class='ocrx_word' id='word_1_223' title='bbox 1023 2236 1068 2269; x_wconf 83' lang='lat' dir='ltr'>ad</span> <span class='ocrx_word' id='word_1_224' title='bbox 1094 2236 1161 2275; x_wconf 83' lang='lat'>59,</span> <span class='ocrx_word' id='word_1_225' title='bbox 1188 2235 1256 2269; x_wconf 83' lang='lat'>127</span> <span class='ocrx_word' id='word_1_226' title='bbox 1294 2236 1480 2275; x_wconf 78' lang='lat' dir='ltr'>decorari,</span> <span class='ocrx_word' id='word_1_227' title='bbox 1517 2236 1585 2276; x_wconf 82' lang='lat'>60,</span> <span class='ocrx_word' id='word_1_228' title='bbox 1624 2234 1692 2269; x_wconf 85' lang='lat'>128</span> <span class='ocrx_word' id='word_1_229' title='bbox 1717 2235 1820 2268; x_wconf 72' lang='lat' dir='ltr'>cuius</span> 
     </span>
     <span class='ocr_line' id='line_1_27' title="bbox 465 2293 1820 2340; baseline -0.001 -13"><span class='ocrx_word' id='word_1_230' title='bbox 465 2295 511 2327; x_wconf 84' lang='lat' dir='ltr'>nd</span> <span class='ocrx_word' id='word_1_231' title='bbox 539 2295 800 2328; x_wconf 79' lang='lat' dir='ltr'>decernendum</span> <span class='ocrx_word' id='word_1_232' title='bbox 822 2297 994 2339; x_wconf 78' lang='lat' dir='ltr'>putavit,</span> <span class='ocrx_word' id='word_1_233' title='bbox 1034 2295 1103 2334; x_wconf 76' lang='lat'>61,</span> <span class='ocrx_word' id='word_1_234' title='bbox 1143 2296 1212 2330; x_wconf 80' lang='grc'>129</span> <span class='ocrx_word' id='word_1_235' title='bbox 1244 2295 1340 2329; x_wconf 84' lang='grc' dir='ltr'>Ναπι</span> <span class='ocrx_word' id='word_1_236' title='bbox 1375 2296 1460 2340; x_wconf 83' lang='lat' dir='ltr'>quid</span> <span class='ocrx_word' id='word_1_237' title='bbox 1496 2307 1564 2339; x_wconf 84' lang='lat' dir='ltr'>ego</span> <span class='ocrx_word' id='word_1_238' title='bbox 1599 2295 1666 2328; x_wconf 76' lang='lat' dir='ltr'>illa</span> <span class='ocrx_word' id='word_1_239' title='bbox 1692 2294 1736 2329; x_wconf 81' lang='lat' dir='ltr'>ad</span> <span class='ocrx_word' id='word_1_240' title='bbox 1761 2293 1820 2333; x_wconf 85' lang='grc'><strong>62,</strong></span> 
     </span>
     <span class='ocr_line' id='line_1_28' title="bbox 463 2353 1822 2398; baseline 0 -12"><span class='ocrx_word' id='word_1_241' title='bbox 463 2353 531 2387; x_wconf 86' lang='grc'>131</span> <span class='ocrx_word' id='word_1_242' title='bbox 562 2355 791 2387; x_wconf 78' lang='lat' dir='ltr'>consiliorum</span> <span class='ocrx_word' id='word_1_243' title='bbox 817 2367 995 2394; x_wconf 85' lang='lat' dir='ltr'>meorum,</span> <span class='ocrx_word' id='word_1_244' title='bbox 1019 2355 1086 2394; x_wconf 85' lang='grc'>63,</span> <span class='ocrx_word' id='word_1_245' title='bbox 1113 2355 1181 2389; x_wconf 80' lang='lat'>132</span> <span class='ocrx_word' id='word_1_246' title='bbox 1206 2356 1301 2398; x_wconf 81' lang='lat' dir='ltr'>quod</span> <span class='ocrx_word' id='word_1_247' title='bbox 1328 2366 1395 2398; x_wconf 86' lang='lat' dir='ltr'>ego</span> <span class='ocrx_word' id='word_1_248' title='bbox 1421 2356 1566 2388; x_wconf 81' lang='lat' dir='ltr'>verbum</span> <span class='ocrx_word' id='word_1_249' title='bbox 1591 2354 1638 2387; x_wconf 74' lang='lat' dir='ltr'>ad</span> <span class='ocrx_word' id='word_1_250' title='bbox 1666 2354 1724 2392; x_wconf 68' lang='grc'>64,</span> <span class='ocrx_word' id='word_1_251' title='bbox 1754 2353 1822 2387; x_wconf 81' lang='lat'>135</span> 
     </span>
     <span class='ocr_line' id='line_1_29' title="bbox 462 2412 1822 2458; baseline 0 -13"><span class='ocrx_word' id='word_1_252' title='bbox 462 2413 689 2456; x_wconf 77' lang='lat' dir='ltr'>negligatur.</span> <span class='ocrx_word' id='word_1_253' title='bbox 750 2413 958 2457; x_wconf 85' lang='lat' dir='ltr'>Aliquoties</span> <span class='ocrx_word' id='word_1_254' title='bbox 994 2414 1129 2448; x_wconf 81' lang='lat' dir='ltr'>codicis</span> <span class='ocrx_word' id='word_1_255' title='bbox 1159 2415 1267 2447; x_wconf 81' lang='lat' dir='ltr'>unius</span> <span class='ocrx_word' id='word_1_256' title='bbox 1297 2425 1430 2447; x_wconf 88' lang='lat' dir='ltr'>nomen</span> <span class='ocrx_word' id='word_1_257' title='bbox 1467 2414 1565 2458; x_wconf 81' lang='lat' dir='ltr'>apud</span> <span class='ocrx_word' id='word_1_258' title='bbox 1603 2412 1822 2446; x_wconf 77' lang='lat' dir='ltr'>Oxoniensis</span> 
     </span>
     <span class='ocr_line' id='line_1_30' title="bbox 461 2472 1819 2517; baseline 0.001 -12"><span class='ocrx_word' id='word_1_259' title='bbox 461 2472 624 2517; x_wconf 80' lang='lat' dir='ltr'>positum</span> <span class='ocrx_word' id='word_1_260' title='bbox 652 2484 723 2506; x_wconf 93' lang='lat' dir='ltr'>non</span> <span class='ocrx_word' id='word_1_261' title='bbox 751 2477 824 2514; x_wconf 87' lang='lat' dir='ltr'>est,</span> <span class='ocrx_word' id='word_1_262' title='bbox 855 2478 896 2506; x_wconf 83' lang='lat' dir='ltr'>ut</span> <span class='ocrx_word' id='word_1_263' title='bbox 924 2473 960 2506; x_wconf 88' lang='lat' dir='ltr'>in</span> <span class='ocrx_word' id='word_1_264' title='bbox 986 2473 1107 2507; x_wconf 80' lang='lat' dir='ltr'>tribus</span> <span class='ocrx_word' id='word_1_265' title='bbox 1134 2472 1261 2516; x_wconf 72' lang='lat' dir='ltr'>primis</span> <span class='ocrx_word' id='word_1_266' title='bbox 1287 2473 1376 2506; x_wconf 80' lang='lat' dir='ltr'>locis</span> <span class='ocrx_word' id='word_1_267' title='bbox 1404 2483 1457 2513; x_wconf 85' lang='grc' dir='ltr'>ψ;</span> <span class='ocrx_word' id='word_1_268' title='bbox 1498 2472 1560 2506; x_wconf 86' lang='lat' dir='ltr'>sed</span> <span class='ocrx_word' id='word_1_269' title='bbox 1589 2477 1667 2506; x_wconf 80' lang='lat' dir='ltr'>tum</span> <span class='ocrx_word' id='word_1_270' title='bbox 1694 2477 1819 2507; x_wconf 76' lang='lat' dir='ltr'>tamen</span> 
     </span>
     <span class='ocr_line' id='line_1_31' title="bbox 461 2533 1823 2577; baseline 0.001 -12"><span class='ocrx_word' id='word_1_271' title='bbox 461 2542 505 2565; x_wconf 81' lang='lat' dir='ltr'>cx</span> <span class='ocrx_word' id='word_1_272' title='bbox 541 2543 583 2565; x_wconf 88' lang='lat' dir='ltr'>eo</span> <span class='ocrx_word' id='word_1_273' title='bbox 625 2533 751 2566; x_wconf 82' lang='lat' dir='ltr'>codice</span> <span class='ocrx_word' id='word_1_274' title='bbox 786 2534 892 2566; x_wconf 83' lang='lat' dir='ltr'>nulla</span> <span class='ocrx_word' id='word_1_275' title='bbox 929 2537 983 2566; x_wconf 82' lang='lat' dir='ltr'>est</span> <span class='ocrx_word' id='word_1_276' title='bbox 1021 2534 1198 2566; x_wconf 81' lang='lat' dir='ltr'>adnotata</span> <span class='ocrx_word' id='word_1_277' title='bbox 1231 2535 1426 2577; x_wconf 79' lang='lat' dir='ltr'>scripturn.</span> <span class='ocrx_word' id='word_1_278' title='bbox 1497 2533 1537 2566; x_wconf 92' lang='lat' dir='ltr'>In</span> <span class='ocrx_word' id='word_1_279' title='bbox 1574 2533 1602 2565; x_wconf 88' lang='lat' dir='ltr'>C</span> <span class='ocrx_word' id='word_1_280' title='bbox 1629 2537 1665 2566; x_wconf 86' lang='lat' dir='ltr'>et</span> <span class='ocrx_word' id='word_1_281' title='bbox 1689 2533 1738 2571; x_wconf 89' lang='lat' dir='ltr'>T,</span> <span class='ocrx_word' id='word_1_282' title='bbox 1781 2537 1823 2566; x_wconf 83' lang='lat' dir='ltr'>ut</span> 
     </span>
     <span class='ocr_line' id='line_1_32' title="bbox 462 2591 1823 2636; baseline 0.001 -12"><span class='ocrx_word' id='word_1_283' title='bbox 462 2591 563 2632; x_wconf 84' lang='lat' dir='ltr'>dixi,</span> <span class='ocrx_word' id='word_1_284' title='bbox 592 2593 710 2626; x_wconf 89' lang='lat' dir='ltr'>multo</span> <span class='ocrx_word' id='word_1_285' title='bbox 739 2594 846 2636; x_wconf 85' lang='lat' dir='ltr'>plura</span> <span class='ocrx_word' id='word_1_286' title='bbox 872 2593 956 2626; x_wconf 84' lang='lat' dir='ltr'>inde</span> <span class='ocrx_word' id='word_1_287' title='bbox 983 2594 1028 2626; x_wconf 82' lang='lat' dir='ltr'>ab</span> <span class='ocrx_word' id='word_1_288' title='bbox 1058 2593 1163 2626; x_wconf 87' lang='lat' dir='ltr'>initio</span> <span class='ocrx_word' id='word_1_289' title='bbox 1189 2593 1426 2634; x_wconf 80' lang='lat' dir='ltr'>omittuntur,</span> <span class='ocrx_word' id='word_1_290' title='bbox 1448 2597 1488 2626; x_wconf 79' lang='lat' dir='ltr'>ut</span> <span class='ocrx_word' id='word_1_291' title='bbox 1512 2593 1545 2632; x_wconf 71' lang='lat'>4,</span> <span class='ocrx_word' id='word_1_292' title='bbox 1570 2592 1614 2625; x_wconf 94' lang='grc'>11</span> <span class='ocrx_word' id='word_1_293' title='bbox 1643 2593 1758 2635; x_wconf 79' lang='lat' dir='ltr'>Atque</span> <span class='ocrx_word' id='word_1_294' title='bbox 1782 2597 1823 2626; x_wconf 75' lang='lat' dir='ltr'>ut</span> 
     </span>
     <span class='ocr_line' id='line_1_33' title="bbox 465 2652 1821 2697; baseline 0.001 -13"><span class='ocrx_word' id='word_1_295' title='bbox 465 2652 565 2685; x_wconf 81' lang='lat' dir='ltr'>illius</span> <span class='ocrx_word' id='word_1_296' title='bbox 588 2654 632 2686; x_wconf 83' lang='lat' dir='ltr'>nd</span> <span class='ocrx_word' id='word_1_297' title='bbox 658 2653 693 2694; x_wconf 87' lang='grc'>5,</span> <span class='ocrx_word' id='word_1_298' title='bbox 718 2652 764 2686; x_wconf 91' lang='grc'>12</span> <span class='ocrx_word' id='word_1_299' title='bbox 792 2653 1038 2694; x_wconf 70' lang='lat' dir='ltr'>defendissent</span> <span class='ocrx_word' id='word_1_300' title='bbox 1064 2654 1204 2686; x_wconf 80' lang='lat' dir='ltr'>Sestius</span> <span class='ocrx_word' id='word_1_301' title='bbox 1230 2653 1265 2687; x_wconf 91' lang='lat' dir='ltr'>in</span> <span class='ocrx_word' id='word_1_302' title='bbox 1293 2655 1320 2687; x_wconf 86' lang='lat' dir='ltr'>C</span> <span class='ocrx_word' id='word_1_303' title='bbox 1343 2655 1396 2697; x_wconf 88' lang='grc' dir='ltr'>(Τ</span> <span class='ocrx_word' id='word_1_304' title='bbox 1423 2653 1633 2687; x_wconf 82' lang='lat' dir='ltr'>coniunxit:</span> <span class='ocrx_word' id='word_1_305' title='bbox 1665 2653 1821 2686; x_wconf 80' lang='lat' dir='ltr'>incredi-</span> 
     </span>
     <span class='ocr_line' id='line_1_34' title="bbox 468 2712 1824 2757; baseline 0.002 -13"><span class='ocrx_word' id='word_1_306' title='bbox 468 2712 534 2745; x_wconf 76' lang='lat' dir='ltr'><em>bili</em></span> <span class='ocrx_word' id='word_1_307' title='bbox 559 2712 745 2746; x_wconf 77' lang='lat' dir='ltr'>celeritate</span> <span class='ocrx_word' id='word_1_308' title='bbox 778 2717 832 2746; x_wconf 70' lang='lat' dir='ltr'>cst</span> <span class='ocrx_word' id='word_1_309' title='bbox 868 2713 1061 2747; x_wconf 78' lang='lat' dir='ltr'>Antonium</span> <span class='ocrx_word' id='word_1_310' title='bbox 1096 2715 1325 2757; x_wconf 73' lang='lat' dir='ltr'>consecutus)</span> <span class='ocrx_word' id='word_1_311' title='bbox 1363 2719 1397 2748; x_wconf 80' lang='lat' dir='ltr'>et</span> <span class='ocrx_word' id='word_1_312' title='bbox 1429 2715 1529 2756; x_wconf 75' lang='lat' dir='ltr'>alin3</span> <span class='ocrx_word' id='word_1_313' title='bbox 1565 2715 1627 2749; x_wconf 89' lang='lat' dir='ltr'>sed</span> <span class='ocrx_word' id='word_1_314' title='bbox 1664 2715 1824 2749; x_wconf 76' lang='lat' dir='ltr'>maxime</span> 
     </span>
     <span class='ocr_line' id='line_1_35' title="bbox 466 2771 1825 2819; baseline 0.003 -14"><span class='ocrx_word' id='word_1_315' title='bbox 466 2771 620 2817; x_wconf 82' lang='lat' dir='ltr'>insignis</span> <span class='ocrx_word' id='word_1_316' title='bbox 657 2777 711 2808; x_wconf 84' lang='lat' dir='ltr'>est</span> <span class='ocrx_word' id='word_1_317' title='bbox 736 2773 882 2809; x_wconf 86' lang='lat' dir='ltr'>omissio</span> <span class='ocrx_word' id='word_1_318' title='bbox 917 2785 1068 2815; x_wconf 85' lang='lat' dir='ltr'>corum,</span> <span class='ocrx_word' id='word_1_319' title='bbox 1111 2786 1189 2819; x_wconf 83' lang='lat' dir='ltr'>quae</span> <span class='ocrx_word' id='word_1_320' title='bbox 1220 2775 1398 2819; x_wconf 83' lang='lat' dir='ltr'>leguntur</span> <span class='ocrx_word' id='word_1_321' title='bbox 1435 2775 1520 2809; x_wconf 87' lang='lat' dir='ltr'>inde</span> <span class='ocrx_word' id='word_1_322' title='bbox 1550 2787 1572 2810; x_wconf 76' lang='lat' dir='ltr'>a</span> <span class='ocrx_word' id='word_1_323' title='bbox 1607 2788 1638 2811; x_wconf 88' lang='lat' dir='ltr'>c.</span> <span class='ocrx_word' id='word_1_324' title='bbox 1673 2775 1741 2815; x_wconf 79' lang='lat'>25,</span> <span class='ocrx_word' id='word_1_325' title='bbox 1778 2774 1825 2809; x_wconf 83' lang='grc'>55</span> 
     </span>
     <span class='ocr_line' id='line_1_36' title="bbox 467 2832 1564 2877; baseline 0.005 -13"><span class='ocrx_word' id='word_1_326' title='bbox 467 2832 587 2877; x_wconf 75' lang='lat' dir='ltr'>legum</span> <span class='ocrx_word' id='word_1_327' title='bbox 609 2834 873 2869; x_wconf 75' lang='lat' dir='ltr'>multitudinem</span> <span class='ocrx_word' id='word_1_328' title='bbox 900 2835 944 2869; x_wconf 78' lang='lat' dir='ltr'>ad</span> <span class='ocrx_word' id='word_1_329' title='bbox 971 2834 1030 2874; x_wconf 80' lang='lat'>3⁰,</span> <span class='ocrx_word' id='word_1_330' title='bbox 1059 2834 1106 2870; x_wconf 77' lang='lat'>(35</span> <span class='ocrx_word' id='word_1_331' title='bbox 1130 2846 1171 2870; x_wconf 76' lang='lat' dir='ltr'>ex</span> <span class='ocrx_word' id='word_1_332' title='bbox 1197 2836 1343 2870; x_wconf 77' lang='lat' dir='ltr'>civitate</span> <span class='ocrx_word' id='word_1_333' title='bbox 1369 2835 1564 2870; x_wconf 54' lang='lat' dir='ltr'>Cambari.</span> 
     </span>
    </p>
   </div>
  </div>
 </body>
</html>
