1981 3390
1425 239 1523 286 239

144 373 225 400 non
245 363 384 415 magis
402 358 564 400 liberos
585 353 822 404 intellexit,
854 355 928 395 sed
954 368 1086 409 parva
1106 355 1299 410 quaedam
1323 358 1479 411 oppidu
1500 360 1586 400 sor-

141 446 253 478 tasse
291 437 529 479 Samnitum
567 434 610 472 in
654 430 893 485 Campania
934 433 1048 472 circa
1086 432 1198 473 idem
1243 441 1412 488 tempus
1444 443 1583 490 capta.

140 514 192 554 l·‘.t
224 515 372 566 eodem
404 525 514 552 anno
547 508 675 550 Cales
708 509 877 550 colonia
908 510 1099 563 praesidii
1140 524 1269 550 causa
1303 512 1344 550 in
1377 510 1456 551 illa
1487 511 1585 553 loca

140 591 320 632 deducta
364 598 442 629 cst.
519 585 748 627 Caeterum
790 588 874 627 iam
909 600 1039 640 supra
1069 588 1164 628 dixi
1199 602 1266 628 me
1296 587 1415 628 illam
1446 590 1586 643 ipsam

143 666 421 722 isopolitiam,
455 664 535 704 hoo
570 673 648 713 est,
680 666 791 704 inter
824 665 1003 705 duarum
1024 679 1165 705 rerum
1190 664 1457 719 publicarum
1478 666 1587 708 libe-

138 758 282 784 rarum
331 744 450 784 cives
499 743 658 797 privati
709 742 815 781 iuris
866 744 1232 793 communionem,
1284 756 1370 784 non
1411 759 1587 798 prorsus

138 819 318 869 toller03
359 820 432 860 sed
475 820 525 860 ad
559 819 689 875 longe
724 818 811 859 alia
845 827 1038 874 tempora
1073 828 1115 860 et
1149 820 1201 860 ad
1232 818 1341 860 alios
1374 820 1586 874 homines,

140 900 327 938 maxime
361 897 414 938 ad
448 897 629 936 Latinos
671 904 713 935 et
752 895 966 936 Iler-nicos
1009 897 1184 949 antiquo
1227 896 1303 950 Sp.
1335 895 1475 942 Cassii
1507 898 1588 939 Vi-

139 975 307 1016 scellini
337 975 513 1015 foedere
544 987 638 1012 cum
669 971 876 1012 Romanis
907 974 1158 1012 coniunctos
1192 979 1234 1011 et
1261 972 1313 1011 ad
1340 974 1588 1028 antiquissi-

138 1066 232 1092 mos
265 1050 489 1098 Caerites,
526 1063 577 1088 ea
607 1049 820 1100 pertinet,
856 1062 995 1102 neque
1027 1048 1093 1089 his
1125 1063 1305 1104 usquam
1339 1050 1587 1092 nominibus

139 1129 327 1168 civitatis
361 1136 403 1166 et
433 1127 653 1180 municipii
685 1124 942 1178 appellatur,
973 1124 1099 1166 aliter
1131 1140 1300 1181 quoque
1327 1126 1458 1181 paulo
1486 1142 1587 1169 con-

138 1206 288 1244 stituta
322 1204 429 1254 fuit,
472 1217 598 1258 quam
633 1201 900 1244 Niebuhrius
932 1204 1101 1257 putavit
1122 1203 1188 1257 ¹);
1231 1205 1410 1259 eiusque
1442 1206 1486 1245 in
1514 1218 1587 1246 eo-

165 1395 202 1438 ι)
231 1394 446 1438 [indignum
470 1397 614 1427 tantum
641 1394 788 1436 virum,
817 1398 858 1428 ut
897 1394 1047 1439 aliquod
1075 1393 1239 1438 opinioni
1263 1395 1379 1428 semel
1405 1399 1590 1440 conceptae

228 1454 438 1499 praesidium
465 1455 710 1498 undecunque
735 1454 975 1496 conciliaret,
1003 1457 1159 1489 abusum
1187 1466 1265 1489 esse
1291 1460 1466 1499 corrupto
1491 1455 1589 1490 Livii

228 1515 312 1547 loco
335 1514 371 1546 in
398 1514 483 1547 libr.
511 1515 629 1547 xxv!
645 1539 654 1554 ,
679 1514 745 1547 15:
783 1526 867 1548 num
893 1517 1214 1548 communicassent
1241 1515 1392 1548 consilia
1418 1527 1495 1548 eum
1517 1517 1587 1551 ali-e

231 1575 357 1617 quibus
381 1575 556 1606 sociorum
587 1574 710 1606 Latini
733 1575 885 1607 nominis
919 1576 1218 1618 nzuruicipiorum,
1256 1580 1290 1608 ct
1324 1586 1408 1606 num
1436 1586 1502 1617 ope
1527 1587 1587 1608 co-

230 1646 309 1668 rum
350 1634 384 1666 1'11
428 1634 520 1666 bello
553 1635 680 1675 forent
717 1638 751 1667 et
788 1635 1063 1678 municipiorum
1102 1635 1231 1668 (adiuti.
1302 1634 1469 1679 Intelligi
1506 1637 1589 1670 vult

230 1694 316 1728 illas
342 1695 473 1735 urbes,
514 1706 592 1738 quae
622 1695 852 1739 isopolitiam
882 1696 1079 1729 haberent.
1150 1696 1279 1739 Itaque
1304 1694 1379 1727 iam
1408 1705 1470 1727 eas
1496 1695 1589 1729 belli

229 1754 360 1788 Punici
385 1755 538 1788 secundi
563 1760 732 1799 tempore
759 1755 794 1788 in
817 1756 926 1789 ltalia
945 1754 1175 1800 superfuisse
1196 1755 1401 1793 credemus,
1431 1765 1453 1788 a
1479 1756 1589 1790 sociis

230 1815 437 1856 seiunctas,
475 1827 547 1859 quo
574 1819 741 1860 tempore
768 1821 846 1849 tota
881 1816 998 1850 Italia-
1025 1816 1077 1848 ita
1103 1815 1282 1864 Romanis
1318 1816 1499 1859 parebat,
1534 1822 1587 1857 ut,

232 1887 343 1919 quum
370 1875 524 1909 infinitis
560 1875 651 1908 locis
679 1876 783 1909 Italis
809 1876 1033 1920 imperatum
1063 1876 1256 1919 legamus,
1300 1886 1482 1918 nusquam
1519 1875 1590 1908 nisi

230 1935 450 1970 Latinorum
502 1941 538 1970 et
577 1937 763 1970 sociorum
800 1937 940 1970 mentio
977 1937 1064 1976 fiat,
1110 1940 1164 1975 ct,
1202 1945 1274 1978 quo
1313 1939 1481 1977 tempore
1516 1946 1586 1967 nou

233 1995 388 2028 dubium
415 1999 490 2035 est,
527 1996 615 2039 quin
644 1996 839 2039 municipii
867 2007 1001 2028 nomen
1033 1994 1182 2038 proprie
1207 1993 1243 2025 in
1278 1993 1423 2036 oppidis
1451 1992 1589 2026 civium

233 2054 491 2088 Romanorum
520 2055 687 2095 hmscrit,
724 2059 848 2088 tumen
883 2055 1022 2088 miram
1058 2054 1155 2086 hanc
1181 2051 1283 2085 tertii
1308 2052 1456 2097 generis
1481 2064 1589 2096 pere-

234 2114 428 2158 grinorum
459 2115 567 2148 sociis
595 2120 629 2148 vt
655 2115 760 2148 Italis
795 2115 930 2148 ndiecti
967 2113 1258 2158 appellationem
1285 2112 1461 2145 usitatam
1489 2113 1589 2146 dicc-

233 2186 327 2208 mus.
383 2175 566 2215 Omnino,
593 2175 622 2208 si
648 2175 717 2208 ulli
742 2174 1012 2219 superfuissent
1039 2173 1218 2218 isopolitae
1245 2169 1465 2212 istiusmodi,
1493 2172 1589 2206 inu-r

232 2234 350 2268 socios
381 2239 505 2268 tamen
541 2235 721 2277 fuissent,
755 2240 792 2268 et
819 2234 981 2268 maxime
1011 2233 1158 2277 quidem
1192 2233 1289 2265 inter
1318 2232 1480 2265 Latinos.
1531 2234 1587 2266 An

231 2295 454 2335 Fundanos,
480 2295 724 2336 Formianos,
761 2297 971 2328 Acerranos
999 2294 1057 2336 (hi
1091 2293 1188 2326 enim
1214 2296 1300 2325 sunt
1325 2291 1360 2325 in
1394 2292 1463 2325 illo
1489 2292 1589 2326 Festi

233 2355 330 2395 loco,
357 2366 428 2398 quo
449 2365 535 2388 usus
549 2358 642 2396 erat,
670 2359 706 2388 et
730 2360 910 2398 praeterea
934 2352 1120 2387 Lanuvini
1145 2357 1181 2386 et
1208 2352 1415 2385 Tusculani
1435 2353 1589 2394 dudum,

234 2413 392 2447 Cumani
411 2414 518 2447 brevi
543 2419 628 2447 ante
652 2414 763 2448 illum
788 2425 939 2455 annum,
965 2414 1010 2447 de
1035 2425 1107 2458 quo
1132 2412 1260 2446 Livius
1286 2417 1429 2454 narrat,
1453 2414 1589 2448 suffra-

235 2473 299 2518 gio
325 2474 490 2516 donati),
519 2485 565 2508 an
593 2474 675 2515 hos,
701 2474 866 2519 inquam,
892 2474 1112 2508 Latinorum
1138 2472 1393 2517 appellatione
1417 2485 1587 2518 eompre-

234 2534 348 2567 hendi
381 2545 452 2567 non
489 2534 666 2578 putavit?
732 2535 834 2569 Adeo
869 2547 942 2568 non
978 2532 1305 2578 circumspiciebat
1341 2533 1400 2566 vir
1436 2533 1589 2567 eximius

235 2593 273 2626 in
298 2593 512 2627 huiusmodi
541 2595 633 2628 locis
659 2595 703 2628 ad
738 2595 930 2639 opiniones
965 2606 1051 2629 suas
1083 2593 1428 2633 accommodandis,
1463 2598 1521 2633 el,
1549 2598 1589 2627 ut

235 2653 572 2688 vetustissimorum
592 2655 847 2689 inatitutorum
872 2657 1047 2697 formam,
1074 2666 1185 2699 quam
1210 2654 1334 2687 animo
1356 2657 1590 2697 conceperat,

235 2712 403 2758 vestigiis
429 2714 616 2749 inferioris
641 2716 820 2761 temporis
849 2716 1111 2755 confirmaret,
1137 2716 1244 2749 illam
1272 2718 1389 2758 ipsam
1420 2724 1589 2746 corrum-

235 2773 361 2817 pebat.
424 2773 529 2808 Nihil
564 2775 729 2819 apertius
766 2781 843 2817 est,
869 2786 980 2820 quam
1008 2776 1286 2820 Municipiorum
1314 2779 1437 2807 ortum
1471 2784 1588 2817 prava

235 2833 486 2875 geminatione
518 2845 596 2867 esse
631 2846 673 2868 ex
713 2836 1136 2874 NUMOPEEORUM,
1177 2834 1471 2877 vocabulumque
1504 2845 1585 2866 ror-
