1981 3390
416 261 515 311 288

472 382 676 437 Iamque,
711 379 866 432 Italia,
897 381 964 421 cui
996 377 1141 421 Gallia
1168 377 1413 436 Cispadane
1457 377 1658 420 adiuncta
1688 375 1799 432 erat,

356 461 545 516 undique
583 460 748 500 munita
781 466 823 499 et
853 458 1150 509 coalescente,
1185 460 1361 513 antiqua
1385 456 1650 498 coloniarum
1672 457 1804 498 dedu·

356 538 589 580 cendarum
623 522 806 576 consilia
846 548 968 589 paene
1010 533 1142 575 finem
1181 534 1438 574 habuerunt.
1507 532 1619 574 Nam
1649 542 1805 588 praeter

354 615 627 661 Auximum,
675 626 802 666 quam
844 609 1057 650 coloniam
1099 612 1142 650 in
1183 611 1389 651 Picenum
1428 625 1466 650 a.
1498 612 1580 651 156
1620 619 1693 652 aut
1724 611 1806 652 157

356 693 582 732 deductam
606 688 808 728 Velleius
840 686 1014 736 scribit,
1053 687 1259 739 (triennio
1288 696 1388 726 ante
1418 686 1617 727 Cassium
1642 687 1806 742 Longi-

357 781 459 807 num
491 778 710 805 censorem
731 792 742 813 ,
772 765 815 804 id
849 772 941 813 est,
975 771 1074 802 ante
1107 778 1145 802 a.
1179 764 1283 811 154,
1323 763 1415 802 fere
1448 765 1649 803 trecentis
1682 767 1806 804 annis

358 852 457 884 ante
492 856 617 897 quam
660 844 753 896 ipse
798 855 836 881 a.
873 842 956 881 ⁵733
998 855 1039 880 u.
1083 855 1118 881 c.
1157 841 1230 893 (30
1264 854 1306 894 p.
1346 837 1426 878 Ch.
1457 842 1521 888 n.)
1553 840 1808 894 opuseulum

357 921 634 974 composuit,)
678 920 755 959 vix
797 919 991 972 reperio,
1035 930 1140 971 quas
1182 917 1322 957 veteri
1371 917 1568 956 instituto
1614 917 1808 957 conditas

357 1006 532 1054 putem,
568 996 651 1036 nisi
682 995 794 1035 forte
824 994 1087 1042 Dertonam‚
1129 995 1173 1033 in
1204 992 1467 1047 Liguribus,
1502 993 1553 1033 de
1582 994 1703 1034 euius
1736 995 1810 1035 de-

359 1075 496 1114 ductae
538 1086 652 1113 anno
693 1086 777 1114 non
817 1079 984 1111 constat
1006 1073 1073 1121 ¹),
1113 1078 1156 1110 et
1193 1070 1477 1124 Eporediam,
1523 1084 1616 1124 quae
1649 1085 1686 1112 a.
1727 1073 1809 1112 100

359 1151 532 1192 condita
571 1157 637 1190 est
676 1149 788 1188 inter
817 1148 1073 1202 Vagiennos
1111 1148 1154 1187 in
1190 1146 1337 1187 Gallia
1368 1145 1704 1201 Transpadana,
1739 1145 1809 1188 Sc-

359 1228 561 1281 byllz'ne's,
604 1234 652 1265 ut
690 1225 858 1265 Plinius
896 1223 1073 1273 scribit,
1113 1226 1242 1263 iussis
1258 1226 1314 1273 2).
1392 1222 1504 1263 Nam
1546 1222 1720 1264 Carteia
1763 1226 1808 1266 in

358 1304 573 1358 Hispania
603 1316 642 1341 a.
675 1303 754 1341 171
791 1300 1004 1356 singulari
1035 1300 1162 1339 modo
1193 1300 1426 1339 constituta
1463 1307 1529 1340 est
1561 1314 1620 1340 ex
1652 1300 1812 1356 Hispa·

360 1383 428 1422 nis
459 1379 798 1428 Semiromanis,
843 1377 998 1432 quibus
1033 1391 1092 1417 ex
1126 1375 1324 1431 pluribus
1362 1376 1586 1432 Hispaniae
1616 1377 1811 1432 partibus

362 1472 414 1498 eo
449 1456 644 1497 deductis
677 1455 844 1495 Latinae
878 1454 1059 1495 coloniae
1097 1456 1165 1494 ius
1211 1454 1357 1494 datum
1388 1455 1450 1493 ita
1483 1462 1567 1504 est,
1610 1463 1659 1494 ut
1693 1463 1812 1496 vete-

360 1549 431 1576 res
444 1532 613 1583 ineolae,
636 1534 708 1587 qui
722 1531 903 1582 vellent,
918 1531 1059 1572 coloni
1076 1530 1422 1571 adscriberentur
1435 1530 1550 1580 (Liv.
1566 1529 1736 1581 XLIII,
1749 1533 1812 1582 3).

361 1611 440 1652 Est
492 1611 574 1650 hoc
625 1624 710 1649 non
761 1608 972 1648 dissimile
1021 1622 1196 1657 eorum,
1240 1620 1333 1661 quae
1388 1607 1439 1646 de
1486 1605 1811 1661 Transpadanis

360 1695 514 1743 postea
545 1686 623 1726 Cn.
657 1685 884 1728 Strabonis
904 1684 1015 1738 dege
1048 1686 1245 1724 instituta
1285 1698 1415 1737 supra
1455 1686 1642 1724 narravi.
1719 1684 1812 1726 Nec

362 1765 593 1821 obscurum
625 1772 710 1814 est,
753 1778 827 1803 cur
868 1761 1048 1802 coloniae
1080 1769 1252 1801 veteres
1282 1761 1395 1800 intra
1427 1759 1599 1801 Italiam
1632 1775 1679 1802 se
1713 1777 1812 1803 con-

361 1843 583 1883 tinuerint.
646 1839 1031 1880 Accommodatum
1076 1846 1168 1878 erat
1201 1837 1283 1878 hoc
1311 1839 1571 1887 institutum,
1600 1838 1811 1893 paulatim

361 1920 561 1975 praesidia
583 1916 757 1973 longius
776 1916 1017 1972 proferenS‚
1050 1915 1103 1956 ad
1134 1915 1336 1970 regiones
1365 1928 1451 1954 non
1482 1915 1609 1954 nimis
1639 1914 1812 1970 longin-

457 2137 563 2166 mus,
591 2136 702 2169 quam
740 2123 817 2158 late
848 2123 954 2169 regio
985 2122 1224 2158 circumiecta
1248 2121 1284 2157 in
1310 2121 1455 2156 dicione
1479 2120 1596 2164 Pisae,
1630 2122 1816 2160 florentis·

453 2186 553 2220 simae
589 2185 625 2218 in
664 2185 736 2218 hac
771 2184 932 2218 Etruriae
967 2189 1074 2229 parte
1113 2183 1296 2224 civitatis,
1335 2182 1461 2216 fuerit.
1525 2184 1569 2218 Λ.
1597 2184 1666 2218 180
1691 2186 1818 2221 Pisani

456 2245 637 2279 Romanis
664 2256 797 2289 agrum
824 2245 987 2289 polliciti
1011 2249 1108 2286 sunt,
1130 2256 1201 2289 quo
1228 2244 1361 2277 Latina
1377 2243 1523 2277 colonia
1546 2244 1815 2289 deduceretur-3

461 2310 574 2348 atque
610 2305 656 2338 ad
693 2316 777 2338 eam
811 2316 890 2337 rem
928 2305 1116 2338 triumviri
1152 2304 1267 2337 creati
1301 2308 1386 2337 sunt
1412 2303 1505 2344 (Liv.
1534 2304 1624 2345 XL,
1649 2305 1732 2349 43);
1771 2318 1816 2341 ea

457 2365 522 2398 ubi
547 2365 672 2398 sedem
705 2364 903 2404 habuerit,
933 2365 1081 2404 nescio3
1118 2374 1206 2396 nam
1233 2366 1376 2396 mutato
1403 2362 1558 2396 consilio
1591 2363 1737 2400 Lunum
1764 2367 1817 2401 ci-

460 2425 563 2457 vium
590 2435 656 2467 pro
680 2424 814 2456 Latina
841 2423 1038 2456 deductam
1064 2422 1202 2462 fuisse,
1228 2421 1288 2454 vix
1313 2421 1546 2455 crediderim.

395 2486 433 2529 ¹)
463 2485 514 2517 De
544 2484 704 2516 Dertona
729 2483 887 2527 ambigi,
915 2482 1080 2516 Velleius
1105 2481 1236 2515 scribit
1261 2481 1360 2515 inter
1384 2481 1625 2528 Carthaginis
1650 2484 1703 2527 (n.
1728 2485 1816 2530 123)

459 2548 496 2578 et
521 2544 705 2578 Narbonis
730 2547 781 2586 (a.
809 2542 891 2584 118)
921 2543 1159 2576 mentionem.

395 2605 434 2648 ²)
462 2604 560 2638 nist.
587 2604 671 2637 Nat.
700 2604 773 2644 111,
811 2603 868 2644 17,
895 2603 962 2645 21,
997 2603 1062 2637 ubi
1088 2603 1124 2637 in
1153 2602 1374 2648 vulgaribus
1401 2603 1624 2638 editionibus
1644 2608 1717 2639 ests
1757 2605 1816 2639 Si·

459 2664 603 2708 bylle’nis
633 2664 736 2696 libris
768 2675 790 2696 a
821 2663 958 2706 populo
984 2663 1146 2697 Romano
1176 2664 1357 2697 conditum
1382 2664 1512 2706 iussis,
1547 2676 1615 2699 nec
1645 2664 1816 2710 Silligius

460 2725 581 2758 ullam
606 2723 892 2769 discrepantiam
918 2724 1122 2759 adnotavit.
1171 2722 1364 2766 moneam,
1402 2736 1474 2769 qua
1509 2725 1632 2760 oratio
1666 2737 1816 2769 prorsus

461 2785 658 2826 turbatur,
695 2784 794 2829 opud
828 2784 1067 2818 Harduinum
1103 2785 1292 2819 sublatam
1330 2785 1449 2821 video.
1518 2785 1693 2830 Sibyllina
1717 2786 1816 2820 iussa

460 2844 636 2881 dicuntur
664 2849 705 2881 ut
729 2845 905 2890 Sibyllina
931 2845 1089 2881 remedia
1113 2846 1193 2888 XI,
1220 2845 1277 2880 35.
