1981 3390
1499 275 1595 322 293

211 394 405 436 colonius
445 397 583 450 primo
628 392 722 435 loco
766 394 908 446 ponit,
951 393 1018 442 (ut
1059 391 1135 432 illo
1174 392 1266 444 ipso
1309 390 1428 432 loco:
1473 398 1663 434 continet

209 472 368 525 oppida
416 469 675 520 CLXXIX,
716 473 762 509 iu
806 473 862 508 ils
904 470 1097 509 colonias·
1137 470 1253 518 XII,
1302 469 1461 522 oppida
1505 473 1661 510 civium

208 548 497 588 Ro‘manorum
536 545 705 594 XIII,
743 546 1001 586 Latinorum
1043 551 1231 586 velerum
1267 545 1469 596 XVIII,
1499 545 1663 594 foede-

208 630 399 664 ratorum
439 635 593 672 unum,
636 624 927 677 slependc‘aria
965 621 1216 675 CXXXV).
1290 621 1389 676 Ipse
1420 624 1472 663 de
1502 622 1661 676 Hispa-

208 701 280 739 nia
310 697 486 739 Baetica
520 701 761 739 accuratius
802 699 1018 755 loquitur,
1057 713 1134 754 pro
1176 699 1344 753 oppidis
1387 701 1546 740 civium
1578 699 1663 739 Ro-

207 791 433 817 manorum
483 778 621 829 magis
666 778 840 831 proprie
884 780 1122 830 vmm'ce'pe‘a
1173 775 1425 831 appellans,
1478 775 1662 816 coloniis

205 862 350 894 tamen
383 855 642 908 praepositis.
710 853 855 895 Unum
898 854 1082 894 fortasse
1123 853 1364 893 addendum
1396 861 1485 902 est,
1530 867 1583 893 ne
1615 854 1661 892 in

207 930 276 970 his
310 929 494 970 coloniis
524 929 785 970 militaribus
811 930 1041 984 scrupulus
1073 938 1295 969 remaneat
1323 943 1381 969 ex
1401 928 1536 968 Gellii
1561 929 1658 969 loco

205 1006 365 1058 (XVI,
398 1008 499 1057 13),
545 1008 667 1046 cuius
697 1005 856 1060 reliqui
885 1019 1054 1046 errores
1088 1004 1248 1045 sublati
1283 1014 1374 1045 tota
1403 1004 1484 1045 hac
1517 1005 1661 1059 dispu-

206 1085 370 1125 tatione
403 1091 531 1133 sunt,
559 1091 887 1138 quoeraturque‚
931 1085 1003 1138 qui
1028 1083 1199 1123 tandem
1232 1081 1328 1123 fieri
1359 1084 1573 1137 potuerit,
1615 1090 1662 1121 ut

202 1162 513 1215 imperatorum
561 1168 755 1215 tempore
802 1161 1037 1215 municipia
1071 1160 1286 1200 interdum
1325 1158 1507 1200 coloniae
1548 1156 1661 1208 fieri,

206 1237 475 1294 aliajoppida
487 1238 531 1276 in
547 1238 878 1291 municipiorum
891 1238 1075 1278 formam
1088 1238 1227 1292 redigi
1241 1244 1461 1292 cuperent.
1524 1234 1660 1290 Oppi-

206 1315 272 1355 dis
312 1313 637 1353 senescentibus
676 1313 967 1368 invalidisque
1002 1323 1212 1369 exoptata
1244 1328 1339 1354 esse
1378 1320 1549 1368 poterat
1585 1326 1661 1352 no-

204 1405 359 1432 vorum
401 1389 760 1446 robustorumque
803 1393 963 1432 civium
996 1393 1214 1441 accessio,
1261 1390 1416 1446 quibus
1457 1404 1540 1429 non
1580 1403 1658 1434 suo

204 1470 361 1509 damno
403 1471 518 1520 (nam
559 1483 610 1508 ea
657 1470 722 1508 vis
767 1483 864 1509 cum
902 1467 1033 1509 bellis
1075 1467 1280 1509 civilibus
1325 1466 1497 1508 sublata
1531 1464 1658 1519 erat),

204 1546 279 1587 sed
313 1546 365 1586 de
405 1544 578 1600 publico
622 1547 719 1600 agri
759 1554 1015 1599 pararentur
1038 1547 1102 1596 1);
1146 1559 1226 1585 nec
1264 1543 1440 1584 difficile
1485 1551 1551 1583 est
1587 1555 1657 1582 su-

202 1623 386 1678 spicari,
420 1621 497 1662 has
527 1630 830 1662 veteranorum
862 1622 1071 1673 colonias,
1102 1624 1145 1662 in
1174 1623 1413 1676 provinciis
1446 1622 1654 1668 maxime,

202 1702 346 1742 minus
380 1699 596 1740 interdum
629 1700 952 1755 provinciarum
996 1699 1227 1754 praesidum
1274 1699 1446 1738 iniuriis
1480 1699 1658 1752 exposi-

200 1786 268 1817 tas
312 1777 447 1818 fuisse
493 1791 621 1831 quain
664 1778 900 1831 municipia
942 1778 1183 1832 peregi-inae
1230 1777 1427 1830 originis.
1491 1775 1657 1815 Rursus

201 1852 298 1895 fieri
327 1862 525 1909 poterut,
559 1861 626 1903 ut,
661 1853 816 1908 quibus
847 1867 932 1893 non
962 1854 1210 1908 petentibus
1241 1853 1374 1892 additi
1408 1851 1657 1892 huiusmodi

203 1930 348 1973 coloni
379 1940 552 1981 essent,
585 1945 734 1971 eorum
764 1930 969 1983 superbia
998 1938 1306 1984 gravarentur,
1339 1938 1428 1969 tum
1459 1930 1658 1968 instituta

202 2006 483 2061 municipalia
505 2016 654 2048 vetera
674 2009 860 2063 integra,
881 2022 1007 2063 quam
1031 2006 1257 2063 paululum
1286 2004 1452 2047 colonis
1475 2005 1655 2047 adiectis

202 2093 367 2125 mutata
397 2083 593 2125 mallent.

327 2160 567 2216 Expletum
607 2161 820 2211 estsere,
864 2162 977 2217 quod
1017 2164 1060 2202 in
1102 2161 1377 2216 suscipienda
1416 2159 1497 2201 hac
1539 2174 1654 2215 quae-

200 2241 340 2280 stione
364 2248 676 2293 spectaveram.
749 2237 861 2279 Nam
894 2240 946 2279 de
977 2239 1149 2294 publico
1185 2248 1349 2279 tantum
1383 2237 1652 2280 coloniarum

200 2317 294 2356 iure
327 2324 368 2355 et
402 2330 497 2356 eum
540 2316 700 2372 populo
734 2315 932 2356 Romano
963 2317 1265 2357 coniunctione
1300 2324 1342 2356 et
1372 2316 1424 2355 de
1461 2317 1652 2355 universi

199 2394 386 2433 instituti
416 2402 570 2434 natura
600 2402 643 2434 et
671 2392 984 2434 mutationibus
1013 2394 1155 2434 dicere
1183 2395 1452 2449 propositum
1482 2401 1573 2433 erat
1593 2395 1650 2444 2),

224 2501 265 2545 ²)
291 2501 393 2541 Cha,
428 2512 507 2545 quae
539 2501 585 2535 de
618 2500 812 2543 Puteolis,
845 2500 1039 2544 Tarento,
1078 2501 1193 2537 Antio
1219 2500 1374 2536 Tacitus
1400 2500 1532 2534 scribit
1554 2501 1649 2535 Anu.

289 2561 388 2601 xlv,
412 2560 468 2594 27.

221 2621 262 2664 ²)
287 2620 419 2656 Nescio
445 2632 491 2655 an
518 2621 708 2663 nonnulli,
743 2621 774 2655 εἰ
809 2622 972 2657 aliorum
999 2623 1132 2657 similis
1158 2623 1374 2668 argumenti
1402 2621 1518 2655 libros
1545 2621 1647 2653 evol-

287 2681 432 2721 verint,
469 2693 584 2715 unum
619 2683 830 2716 alterumve
864 2684 990 2717 locum
1015 2684 1152 2717 veteris
1186 2683 1377 2727 scriptoris
1402 2679 1647 2713 desideraturi

287 2741 382 2783 sint,
413 2752 524 2786 quem
551 2753 620 2786 ego
650 2742 866 2785 omiserim,
903 2745 1002 2788 quod
1028 2744 1125 2777 nihil
1153 2744 1197 2777 ad
1225 2755 1306 2776 rem
1332 2741 1520 2786 pertinere
1544 2739 1648 2772 vidc-

290 2807 418 2843 retur3
442 2801 528 2836 talia
555 2807 610 2837 est
636 2803 735 2838 Festi
757 2804 863 2842 loeus
885 2804 922 2839 in
949 2804 1112 2849 epitome
1138 2804 1183 2837 dc
1208 2803 1416 2841 Sanatibus,
1442 2804 1519 2833 tam
1545 2800 1648 2834 lacer

289 2867 324 2897 et
353 2865 574 2909 corruptus,
615 2865 678 2906 ut,
719 2862 751 2899 si
784 2864 986 2900 temeraria
1023 2865 1283 2910 supplementa
1320 2862 1529 2899 tolluntur,
1560 2858 1644 2893 nihi
