1981 3390
1477 205 1541 253 55

152 325 365 366 concitata
399 312 620 372 oratione,
664 333 750 362 non
781 319 928 372 brevi,
963 322 1104 362 omitti
1132 319 1254 361 nullo
1288 322 1414 362 modo
1452 328 1602 376 potuit.

152 402 239 446 sed
270 402 324 443 de
355 400 572 442 sententia
604 398 846 440 videamus.
910 398 1060 455 Vulgo
1085 400 1201 440 enim
1224 398 1306 440 hoc
1326 398 1412 440 dici
1435 409 1602 454 putant,

151 482 261 522 adeo
297 477 412 521 male
454 478 596 519 curari
639 478 746 521 vitia
788 475 1071 519 aedificiorum
1114 477 1168 519 ab
1208 491 1288 528 eo,
1338 479 1410 532 qui
1455 479 1496 518 ei
1538 481 1602 519 rei

150 559 379 614 praefectus
390 558 460 606 sit,
486 555 659 605 villico3
692 555 806 597 hunc
830 564 976 597 autem
999 555 1200 598 nonnulli
1212 555 1603 597 aediumdominum

150 635 428 692 intelligunt,
458 634 654 690 plerique
687 642 833 676 autem
865 636 1167 691 magistratum
1198 634 1415 690 aliquem,
1449 649 1506 675 cx
1536 635 1602 676 his

151 729 300 756 rursus
343 713 420 755 alii
461 712 657 764 aedilem,
711 711 790 752 alii
839 713 1088 768 praefectum
1126 711 1262 754 urbis.
1326 712 1382 754 Et
1424 713 1477 753 de
1524 712 1604 754 hoc

153 792 319 836 Weber
363 799 602 832 asseverat.
675 789 760 832 Ubi
803 799 950 832 autem
991 805 1043 832 eo
1087 799 1266 832 ventum
1309 799 1399 842 est,
1440 799 1488 831 ut
1529 792 1602 832 dc-

154 878 438 919 monstretur,
479 882 563 923 quo
605 867 733 908 modo
771 868 826 908 ad
869 867 982 908 hunc
1014 867 1233 908 hominem
1266 866 1601 922 significandum

152 950 296 990 villici
326 960 482 988 nomen
517 954 664 1000 aptum
699 946 779 995 sit,
820 945 1106 999 respondent,
1155 944 1354 986 villicum
1387 945 1599 1000 appellari

149 1026 348 1081 quemvis
395 1031 719 1079 procuratorem
768 1038 818 1065 ac
870 1023 1239 1079 dispensatorem3
1300 1024 1363 1064 sic
1409 1025 1603 1065 villicum

148 1104 463 1152 alimentorum,
495 1101 689 1142 villicum
719 1115 748 1142 a
770 1101 947 1156 plumbo
981 1102 1081 1143 dici.
1155 1101 1214 1144 Ut
1243 1103 1451 1157 accipiam
1483 1106 1603 1142 testi-

148 1181 284 1223 monii
318 1179 414 1221 loco
447 1179 548 1221 illas
569 1179 886 1236 appellationes
919 1179 1142 1221 hominum
1174 1178 1316 1221 infimi
1348 1180 1512 1221 ordinis
1544 1195 1603 1222 ex

148 1256 502 1314 inscriptionibus
542 1259 798 1314 posterioris
831 1259 998 1309 oetatis,
1039 1272 1179 1313 neque
1209 1259 1427 1309 reiiciam,
1475 1273 1602 1313 quem

151 1351 210 1378 ex
248 1338 561 1392 epigrammate
591 1337 637 1377 in
666 1335 898 1392 Priapum,
947 1337 1060 1392 quod
1091 1335 1202 1377 falso
1234 1334 1418 1377 Tibullo
1452 1336 1603 1378 tribui-

148 1423 232 1465 tur,
261 1415 466 1465 afferunt,
489 1415 684 1455 villicum
708 1419 874 1465 aeram'z',
896 1414 1007 1455 illud
1029 1423 1145 1455 certe
1167 1416 1420 1466 concedent,
1443 1415 1605 1457 adden-

147 1493 249 1533 dum
286 1505 406 1541 esse,
451 1492 574 1532 cuius
611 1493 706 1547 quis
749 1493 816 1533 rei
856 1490 1032 1533 villicus
1073 1493 1144 1532 sit.
1217 1491 1384 1535 Verum
1427 1496 1602 1535 omnino

147 1568 372 1611 Iuvenalis
401 1577 597 1625 tempore
624 1569 707 1611 hoc
735 1584 893 1611 nomen
922 1568 1169 1628 pertinebat
1197 1570 1251 1611 ad
1276 1585 1452 1613 servum
1484 1572 1601 1614 villae

147 1657 191 1689 et
218 1649 359 1689 servis
388 1650 563 1690 rusticis
602 1650 897 1705 praepositum.
967 1647 1028 1690 At
1057 1656 1138 1691 sat.
1172 1647 1253 1700 IV,
1294 1651 1351 1691 '77
1390 1650 1603 1706 Pegasus,

147 1727 377 1782 praefectus
405 1726 550 1778 urbis,
582 1731 783 1769 cellom'toe
806 1730 980 1782 positus
1012 1727 1134 1768 modo
1167 1728 1343 1769 villicus
1371 1728 1473 1770 urbi
1499 1730 1604 1770 dici-

148 1814 231 1847 tur.
298 1805 452 1862 Itaque
487 1806 658 1848 additur
687 1807 876 1861 primum
907 1805 1030 1853 urba}
1073 1806 1228 1855 deinde
1259 1807 1360 1867 quid
1389 1809 1528 1863 magis
1562 1809 1601 1848 ci

147 1886 401 1936 sententiae,
446 1899 525 1940 pro
564 1899 649 1940 qua
681 1883 764 1926 hoc
798 1885 1013 1935 afferunt,
1044 1886 1306 1926 contrarium
1349 1900 1476 1940 quam
1510 1887 1601 1940 ipse

146 1961 222 2002 ille
248 1962 396 2003 locust
428 1961 494 2002 Ibi
524 1963 638 2002 enim
671 1962 883 2017 Pegasus,
913 1970 960 2002 ut
987 1961 1091 2002 urbs
1120 1963 1287 2002 servire
1312 1961 1601 2017 intelligatur,

148 2039 333 2080 ridicule
369 2038 545 2079 villicus
581 2037 701 2079 urbis
732 2037 992 2094 appellatur,
1026 2046 1230 2094 tanquam
1261 2040 1401 2081 servis
1434 2054 1600 2095 praepo-

148 2117 274 2167 situs,
306 2116 588 2171 additurque:
621 2129 736 2157 (mne
764 2116 891 2157 aliud
917 2122 1021 2157 lanc
1042 2116 1285 2170 praefecti?
1352 2116 1442 2158 Isto
1474 2119 1599 2159 modo

148 2208 206 2234 ex
239 2192 330 2234 Cic.
358 2195 403 2234 in
432 2193 561 2235 Verr.
593 2193 682 2244 III,
714 2195 771 2235 50
810 2192 964 2235 confici
994 2196 1158 2248 possit,
1201 2196 1333 2236 etiam
1364 2205 1599 2251 propraeto-

146 2285 217 2313 res
262 2271 556 2313 Romanorum
601 2272 859 2327 simpliciter
913 2271 1085 2313 villicos
1131 2272 1347 2327 appellari
1392 2277 1599 2329 potuisse.

147 2348 322 2391 Vellem
365 2358 599 2406 praeterca,
638 2352 712 2407 qui
753 2350 924 2393 aedilem
966 2351 1276 2406 proefectumve
1319 2351 1439 2394 urbis
1472 2353 1600 2394 intel-

146 2426 312 2484 ligunt,
347 2428 586 2481 dixissent,
616 2438 874 2486 putarentne
905 2429 985 2471 hos
1012 2430 1283 2484 privatorum
1316 2429 1598 2473 aedificiorum

146 2495 479 2548 reficiendorum
525 2522 672 2550 curam
715 2507 944 2560 habuisse,
993 2510 1126 2566 rimas
1171 2511 1448 2561 contexisse,
1508 2520 1596 2551 tum

147 2598 322 2627 securos
355 2586 542 2627 dormire
570 2586 807 2643 inquilinos
847 2589 1043 2629 iussisse.
1124 2586 1429 2644 Intelligamus
1465 2589 1598 2644 igitur

147 2663 260 2718 apud
304 2663 583 2716 Iuvenalem,
628 2667 701 2722 qui
742 2667 987 2708 nominatus
1021 2673 1110 2717 est,
1151 2679 1329 2708 servum
1368 2666 1485 2707 xillae
1527 2682 1598 2706 cu-

149 2748 350 2787 ratorem.
417 2742 752 2800 Comparatione
782 2745 916 2786 utitur
943 2744 995 2786 ad
1031 2744 1316 2801 fragilitatem
1345 2744 1462 2785 illam
1496 2745 1595 2784 aedi-

151 2812 345 2863 ficiorum
386 2822 720 2875 ostendendam,
771 2823 847 2865 sed
895 2837 988 2865 eam
1030 2824 1223 2866 invertit.
1293 2824 1435 2873 Quum
1482 2826 1593 2864 onim
