1981 3390
439 203 538 252 504

376 322 514 362 veteri
554 320 758 372 lectioni,
800 322 877 363 sed
916 336 1000 363 una
1046 323 1092 363 in
1143 320 1270 363 litera
1320 322 1597 377 discrepanti.
1680 323 1827 365 Edidit

377 399 516 440 enim:
546 412 656 441 meus
685 403 731 440 iu
763 399 846 440 hac
880 402 1086 448 civitate,
1127 413 1245 454 quem
1288 400 1457 455 quidem
1496 414 1575 455 ego
1600 413 1826 455 possum

376 475 547 527 decere,
585 478 805 531 proeclure
835 480 904 516 vir
933 476 987 515 de
1018 489 1107 528 rep.
1138 480 1338 528 meritus,
1384 478 1432 518 L.
1469 478 1681 531 Opimius,
1712 477 1826 518 iudi·

373 557 582 607 gnis—seme
632 552 844 601 concc‘clc’l,
895 552 1233 606 adscripsitque‚
1276 556 1596 596 coniunctivum
1638 555 1828 608 (possim,

377 631 491 685 quod
524 639 589 670 est
619 632 663 670 in
699 629 812 682 edd.)
854 643 1081 684 perperam
1117 627 1461 684 significaturum
1495 647 1592 672 esse
1632 633 1828 686 ''po-esim,

377 711 417 747 εἰ
449 708 614 758 υεῖίηι,”
649 705 932 747 indicativum
962 704 1232 761 significare:
1273 706 1442 748 ”Unum
1477 732 1525 739 —
1559 708 1704 748 dicere
1731 722 1828 762 pos-

378 797 468 824 sum
502 805 553 814 -
586 783 868 824 concedisse?
929 781 1029 823 Non
1060 785 1314 824 meminerat
1350 785 1414 824 vir
1445 784 1724 835 clarissimus,
1757 783 1832 824 ubi

380 875 459 915 per
492 875 730 915 pronomen
760 860 1017 911 relativum,
1059 860 1204 901 addita
1233 860 1446 915 particula
1477 862 1670 916 quidem,
1711 861 1834 902 notio

381 937 613 980 indefinita·
640 938 858 994 generalis
893 940 986 979 sive
1027 940 1232 993 negativa
1272 940 1366 979 sive
1408 938 1667 981 affirmativa
1703 940 1762 993 (v.
1795 952 1831 980 c.

380 1014 635 1069 numeralis)
668 1017 722 1056 ad
756 1024 917 1056 certum
950 1024 1093 1056 tamen
1125 1029 1264 1070 genus
1297 1016 1604 1070 adstringatur,
1636 1015 1697 1056 ib‘i
1731 1030 1833 1056 con-

380 1093 512 1133 stanti
543 1092 790 1143 Ciceronis,
824 1093 1003 1147 opinor,
1036 1093 1164 1132 etiam
1197 1091 1381 1132 aliorum
1411 1092 1623 1134 bonorum
1655 1095 1834 1148 scripto-

382 1184 502 1221 rum,
533 1184 613 1210 usu
647 1170 969 1211 coniunctivum
1002 1170 1173 1210 modum
1205 1171 1310 1224 poni
1330 1170 1384 1222 ¹).
1446 1170 1548 1211 Vid.
1568 1199 1580 1221 ‚
1610 1178 1658 1210 ut
1683 1183 1836 1210 exem-

382 1246 528 1300 plain
569 1262 615 1288 re
650 1262 736 1288 non
768 1249 942 1301 ignota,
986 1247 1060 1287 sed
1096 1260 1330 1302 nusquam,
1375 1247 1488 1302 quod
1530 1249 1688 1296 sciam,
1729 1247 1836 1286 satis

383 1325 583 1365 distincte
616 1326 773 1366 tradita
803 1339 988 1380 ponam,
1028 1334 1182 1378 praeter
1216 1323 1336 1364 Brut.
1368 1327 1409 1375 7,
1442 1326 1522 1376 27,
1553 1327 1626 1380 qui
1655 1323 1777 1365 locus
1809 1337 1838 1364 a

384 1401 678 1457 compluribus
707 1404 884 1452 citatur,
917 1403 968 1442 de
1003 1411 1110 1443 orat.
1139 1402 1208 1453 II,
1237 1404 1306 1453 22,
1333 1404 1413 1452 93,
1446 1403 1498 1443 de
1531 1417 1620 1457 rep.
1651 1404 1691 1453 1,
1722 1403 1765 1453 2,
1793 1402 1836 1452 2,

383 1480 437 1520 de
468 1479 585 1536 legg.
616 1483 666 1531 l,
697 1482 776 1531 20,
808 1481 886 1528 543
917 1493 1047 1533 supra
1078 1495 1248 1536 quoque
1281 1494 1316 1520 c.
1343 1481 1420 1530 50,
1463 1482 1545 1520 106
1575 1487 1690 1520 erat:
1737 1477 1837 1526 Quae

386 1561 534 1598 concio
554 1557 680 1608 fecit,
725 1570 820 1612 (111ae
857 1558 1025 1611 quidem
1069 1563 1180 1598 esset
1219 1571 1303 1597 non
1344 1557 1583 1607 conducta,
1626 1565 1707 1597 etc.
1762 1555 1832 1596 Ad

384 1634 495 1675 hanc
524 1637 735 1676 rationem
764 1635 845 1674 hoc
875 1634 971 1675 loco
1003 1636 1249 1676 necessario
1274 1632 1546 1674 scribendum
1571 1642 1635 1674 est
1663 1636 1837 1687 possim.

386 1710 609 1762 Codicum,
639 1713 875 1767 praesertim
900 1701 960 1752 ex
987 1726 1071 1752 uno
1102 1712 1411 1759 derivatorum,
1442 1712 1489 1750 in
1518 1709 1765 1750 huiusmodi
1789 1723 1837 1750 re

385 1790 550 1844 exigua
565 1797 630 1829 est
650 1790 897 1829 auctoritas.
961 1787 1122 1829 Contra
1137 1797 1252 1828 recte
1268 1788 1529 1828 indicativus
1548 1795 1732 1838 tenetur,
1761 1785 1836 1827 ubi

387 1874 503 1907 certa
533 1874 575 1906 et
605 1864 782 1906 definita
812 1864 996 1906 subiecti
1023 1867 1142 1906 notio
1176 1864 1368 1906 adhibita
1405 1866 1621 1923 sententia
1650 1864 1835 1905 relativa

387 1943 641 1999 completur,
672 1942 791 1984 velut
814 1957 888 1998 pro
914 1944 1076 1985 Scauro
1100 1947 1121 1995 ᾗ
1143 1946 1217 1985 16:
1245 1942 1556 1998 Argumentum
1577 1956 1694 1993 vero,
1724 1941 1839 1997 quod

386 2021 553 2076 quidem
589 2027 654 2061 est
673 2025 897 2075 propriam
931 2025 1000 2062 νει·
1022 2029 1117 2072 etc„
1152 2022 1214 2077 (iu
1234 2029 1379 2061 nostro
1403 2029 1444 2061 et
1460 2020 1718 2061 Germanico
1744 2033 1834 2060 ser-

387 2113 514 2140 mone
544 2113 779 2154 pronomen
812 2098 1036 2140 definitum
1073 2099 1457 2140 demonstrativum
1491 2099 1645 2139 addas:
1693 2097 1833 2138 ‹lerie-

387 2180 488 2231 m'ge
518 2175 687 2217 Rem-ets
716 2180 1008 2231 wem'gslens),
1048 2185 1090 2217 et
1124 2174 1245 2217 Brut.
1278 2179 1344 2227 17,
1375 2177 1453 2217 65:
1500 2175 1701 2216 Catonem
1735 2187 1836 2216 vero

386 2257 481 2307 quis
511 2259 748 2294 nostrorum
783 2260 1026 2305 oratorum,
1068 2258 1144 2308 quc·
1180 2255 1346 2308 quidem
1387 2267 1500 2294 nunc
1529 2259 1653 2303 sunt,
1695 2253 1836 2307 legit?

387 2329 549 2370 Contra
590 2338 833 2372 necessario
875 2332 1101 2372 dicendum
1151 2340 1287 2372 esset:
1346 2332 1548 2372 Catonem
1590 2344 1722 2379 unm,
1763 2331 1840 2382 qm‘

413 2453 450 2496 ²)
476 2452 642 2485 Eandem
669 2463 748 2484 esse
777 2450 1003 2496 pronominis
1030 2451 1144 2484 solius
1169 2450 1222 2484 sic
1248 2451 1355 2495 positi
1392 2451 1598 2491 rationem,
1633 2450 1670 2484 in
1699 2451 1836 2495 vulgus

478 2517 608 2547 notum
636 2517 700 2546 cst.
760 2511 883 2556 Magis
917 2517 1039 2544 tamen
1072 2511 1108 2543 id
1135 2510 1171 2543 in
1201 2512 1309 2545 certis
1336 2512 1557 2556 quibusdam
1585 2510 1837 2545 locutionibus

478 2573 781 2607 animadvertunt
796 2572 1023 2614 (cuiusmodi
1045 2576 1097 2605 est
1117 2573 1211 2615 quod
1231 2573 1355 2613 sciam,
1379 2573 1624 2614 meminerim).
1675 2571 1748 2605 Sed
1762 2571 1841 2604 Cic.

470 2633 515 2675 ,in
541 2634 646 2667 Brut.
674 2633 742 2674 33,
768 2632 835 2667 127
864 2633 967 2676 (1150,
998 2633 1061 2676 qui
1091 2633 1125 2665 ιἰι
1161 2634 1315 2677 colleg-io
1353 2634 1581 2667 sacerdotum
1607 2637 1723 2670 esset,
1759 2631 1837 2675 pri·

480 2706 558 2728 mus
588 2712 629 2719 —
659 2699 712 2728 est
737 2694 1010 2736 condemnatus)
1039 2694 1239 2728 indicativo
1268 2693 1318 2727 uti
1347 2706 1416 2727 non
1438 2693 1570 2740 potuit.
1620 2694 1676 2728 Ab
1705 2693 1834 2726 eadem

479 2767 590 2790 causa
619 2755 746 2790 Cicero
774 2755 866 2790 dixit
897 2766 964 2800 pro
1000 2755 1122 2788 Balbo
1160 2755 1225 2795 21,
1251 2754 1313 2789 48:
1362 2754 1399 2786 T.
1443 2754 1640 2789 Matrinius
1676 2764 1768 2788 unus
1796 2763 1837 2786 cx

479 2817 546 2855 iis,
574 2828 663 2861 quos
696 2818 733 2852 C.
762 2816 905 2851 Marius
932 2816 1080 2851 civitate
1109 2817 1303 2855 donasset,
1333 2816 1423 2850 dizit
1452 2827 1598 2850 causam
1625 2818 1693 2849 etc.
