1981 3390
417 265 516 315 286

350 384 594 428 Thurinum
641 396 792 440 agrum
836 382 1151 425 deducerentur
1194 382 1312 435 (Liv.
1350 381 1579 435 XXXIV,
1618 382 1717 435 53),
1751 390 1795 424 et

349 462 516 505 duobus
547 462 670 502 annis
701 468 801 516 post
831 460 1049 502 Vibonem
1083 462 1166 501 tria
1206 461 1346 501 millia
1376 461 1642 516 septingenti
1672 460 1794 515 pedi-

349 549 429 591 tes,
463 540 644 580 trecenti
662 539 829 592 equites
845 536 992 576 Latini
1009 538 1132 591 missi
1151 545 1252 578 sunt
1271 538 1389 593 (Liv.
1409 537 1615 587 XXXV,
1643 537 1716 589 40)
1739 539 1795 588 1).

349 618 552 672 Equitum
570 615 847 670 peditumque
863 613 1122 653 discriminis
1140 614 1190 654 ad
1210 613 1412 655 bellicam
1429 614 1693 656 coloniarum
1711 614 1797 654 ori-

350 696 494 750 ginem
525 691 774 746 spectantis,
807 703 860 729 ex
881 703 965 744 quo
982 688 1110 729 simul
1126 698 1257 743 patet,
1288 705 1341 731 ne
1359 692 1403 731 in
1423 691 1603 733 Latinas
1623 692 1796 747 quidem

348 768 610 811 inconditam
641 766 811 808 turbam
849 774 1156 817 exoneratam,
1196 769 1359 807 mentio
1389 766 1439 808 fit
1470 769 1583 823 apud
1618 768 1796 809 Livium

352 849 481 888 etiam
525 846 570 885 in
613 843 820 885 Bononiae
864 843 1119 884 deductione
1162 845 1220 898 (a.
1253 846 1355 895 189,
1408 843 1671 894 XXXVII,
1718 845 1796 895 57)

352 933 395 965 et
427 924 470 963 in
505 921 721 977 Aquileiae
754 924 812 971 (a.
845 923 948 970 181,
992 921 1103 972 XL,
1141 922 1199 962 34
1237 920 1336 962 coll.
1367 920 1609 972 XXXIX,
1642 921 1716 975 55)
1755 929 1800 961 et

352 1002 465 1056 apud
498 1001 737 1042 Asconium
775 999 1011 1039 Pedianum
1051 999 1165 1048 (init.
1203 1012 1355 1039 comm.
1392 998 1445 1038 ad
1481 999 1720 1048 Pisonian.)
1752 999 1799 1039 in

351 1079 575 1120 Placentia
607 1084 706 1117 ante
746 1074 1008 1116 Hannibalis
1048 1077 1091 1115 in
1131 1073 1304 1115 Italiam
1344 1075 1577 1116 adventum
1611 1075 1670 1131 (a.
1695 1075 1798 1126 218)

351 1156 547 1197 deducta.
603 1152 757 1208 Neque
791 1161 934 1193 tamen
977 1152 1127 1192 eadem
1159 1153 1204 1192 in
1235 1167 1341 1207 agro
1375 1152 1671 1193 distribuendo
1701 1167 1801 1207 pro-

350 1234 494 1288 portio
554 1239 727 1272 servata
774 1238 860 1277 est3
918 1214 1022 1269 nam*
1070 1228 1244 1270 Vibone
1290 1229 1456 1284 pedites
1511 1230 1642 1283 quina
1688 1229 1801 1269 dena

352 1312 527 1364 iugera,
566 1306 731 1361 duplex
766 1307 933 1360 equites
978 1304 1271 1360 accipiebant,
1313 1304 1546 1356 Bononiae,
1589 1318 1672 1360 quo
1717 1306 1802 1346 tria

352 1386 493 1427 millia
522 1384 704 1425 deducta
734 1392 858 1434 sunt,
892 1384 1059 1438 equites
1092 1391 1385 1438 septuagena,
1427 1383 1560 1423 ceteri
1592 1383 1802 1437 quinqua-

352 1478 489 1519 gena,
527 1460 743 1516 Aquileiae
781 1461 974 1516 peditum
1014 1461 1097 1500 tria
1128 1459 1267 1500 millia
1297 1461 1625 1515 quinquagena,
1655 1467 1804 1500 centu-

354 1543 526 1590 riones,
567 1540 639 1593 qui
666 1537 773 1578 alibi
805 1552 891 1578 non
923 1538 1225 1587 nominantur,
1265 1545 1473 1587 centena,
1505 1537 1672 1591 equites
1701 1550 1800 1576 cen-

354 1625 454 1657 tena
485 1616 760 1670 quadragena
776 1616 832 1665 2).

474 1692 545 1734 Ab
578 1692 783 1732 inferiore
820 1689 947 1731 Italia
980 1698 1099 1746 patet
1138 1691 1189 1731 ad
1222 1691 1489 1745 superiorem
1535 1698 1578 1730 et
1609 1690 1663 1731 ad
1697 1688 1801 1730 Gal-

352 1770 459 1812 liam
488 1782 741 1820 conversam
775 1782 869 1808 esse
903 1768 1195 1809 Romanorum
1224 1782 1384 1818 curam,
1414 1769 1459 1808 in
1491 1781 1617 1822 quam
1646 1776 1802 1822 praeter

354 1848 432 1888 has
463 1848 644 1888 Latinas
684 1847 840 1895 etiam,
881 1845 1017 1900 quod,
1061 1845 1294 1901 nisiyforte
1332 1844 1537 1885 Casinum
1577 1846 1801 1899 excipien-

355 1924 456 1965 dum
491 1933 581 1974 est,
604 1938 681 1979 per
715 1923 798 1962 duo
832 1921 989 1963 saecula
1019 1923 1177 1963 factum
1209 1936 1294 1963 non
1326 1930 1432 1971 erat,
1465 1923 1624 1962 civium
1655 1921 1802 1977 plures

357 2001 537 2042 colonia}
577 2001 903 2041 mediterraneae
935 2001 1075 2040 missae
1106 2007 1230 2049 sunt,
1270 1998 1468 2039 binorum
1500 1998 1682 2039 millium
1714 2000 1802 2039 sin-

356 2077 495 2134 gulae,
537 2078 737 2118 Potentia
779 2086 821 2117 et
850 2077 1078 2117 Pisaurum
1109 2091 1147 2117 a.
1178 2078 1260 2117 184
1292 2076 1410 2127 (Liv.
1443 2075 1686 2126 XXXIX,
1727 2077 1803 2126 44)

355 2155 527 2197 Mutina
569 2163 611 2195 et
648 2155 804 2196 Parma
846 2169 885 2195 a.
925 2156 1007 2195 183
1040 2154 1157 2205 (Liv.
1188 2153 1433 2203 XXXIX,
1470 2154 1566 2204 55),
1601 2154 1694 2194 sive
1723 2166 1804 2193 cx·

355 2232 521 2272 haustis
560 2231 729 2272 Latinis
770 2232 943 2287 populis
984 2246 1062 2272 nec
1104 2229 1271 2272 civibus
1310 2229 1496 2271 libenter
1536 2231 1581 2270 in
1622 2229 1802 2271 Latinas

357 2307 760 2364 proficiscentibus,
802 2311 895 2350 sive
925 2309 1037 2364 quod
1065 2308 1197 2363 digna
1224 2309 1383 2348 civium
1410 2307 1623 2362 praesidiis
1657 2305 1804 2347 Gallia

387 2561 424 2603 ²)
450 2560 504 2593 Ex
542 2556 797 2603 superioribus
826 2557 945 2592 ultera
972 2557 1047 2592 trio,
1080 2555 1200 2591 millia
1229 2556 1417 2602 peditum,
1452 2559 1639 2592 trecentos
1663 2556 1805 2603 equites

449 2619 583 2653 habuit
607 2618 704 2660 (Liv.
732 2617 896 2657 XXXV,
930 2618 983 2662 9).

382 2682 421 2725 2)
449 2680 656 2724 [Accedunt
682 2679 759 2711 hoec
785 2690 900 2722 prope
929 2680 974 2713 ud
1000 2679 1280 2724 proportionem
1312 2677 1487 2723 stipendii
1513 2681 1549 2712 et
1574 2678 1703 2723 praedae
1728 2678 1804 2713 die·

447 2739 686 2780 tributioni³3
730 2738 801 2772 vid.
839 2739 972 2784 Polyb.
1012 2742 1082 2782 w,
1107 2739 1180 2781 393
1206 2738 1336 2772 Duker
1369 2740 1415 2773 ad
1439 2739 1518 2775 Liv.
1547 2738 1607 2780 X,
1640 2738 1710 2780 46,
1744 2738 1801 2773 15.

448 2802 505 2835 Ea
541 2799 732 2845 proportio
759 2802 888 2844 postca
924 2801 961 2834 in
1003 2801 1231 2836 militaribus
1257 2800 1415 2836 coloniis
1435 2799 1668 2836 sen-abatur.
1719 2798 1799 2833 Vid.

448 2861 598 2896 Walter
622 2860 721 2896 nist.
753 2859 828 2894 Iur.
857 2860 966 2894 Rom.
995 2859 1011 2893 1
1037 2872 1073 2904 p.
1099 2858 1168 2894 272
1193 2872 1227 2895 n.
1257 2859 1331 2903 53]
