1981 3390
1448 311 1545 360 375

831 837 951 900 ΧΙ.

164 983 250 1034 Dc
303 980 703 1034 emendatione
767 978 983 1047 aliquot
1026 977 1282 1030 locorum
1337 976 1611 1030 orationis

263 1075 550 1130 Tullianae
596 1092 696 1147 pro
738 1073 822 1129 Μ.
863 1071 1058 1128 Caelio
1105 1072 1416 1145 disputatio
1447 1070 1516 1142 ¹).

165 1279 428 1394 Quattuor
457 1325 549 1366 fere
584 1332 684 1366 sunt
716 1324 844 1374 anni,
883 1336 1014 1379 quum
1043 1326 1112 1365 vir
1141 1324 1442 1375 doctissimus,
1480 1322 1536 1364 N.
1561 1320 1612 1364 B.

161 1401 431 1458 KrarupiuS,
458 1401 565 1443 mihi
594 1400 885 1456 significavit,
916 1414 979 1453 se,
1012 1415 1142 1456 quum
1173 1403 1324 1455 paucis
1356 1409 1456 1442 ante
1490 1401 1614 1441 annis

162 1479 340 1520 Parisiis
369 1488 640 1530 versaretur,
671 1487 826 1532 praeter
858 1477 969 1519 alios
1002 1478 1172 1519 codices
1202 1481 1459 1532 scriptorum
1492 1476 1616 1518 Cice-

161 1558 439 1598 ronianoruin
472 1557 579 1596 duos
611 1556 991 1609 praestantissimos
1023 1555 1256 1611 diligenter
1289 1565 1513 1606 tractasse,
1544 1556 1617 1610 qui

163 1633 329 1689 aliquot
360 1631 585 1674 Ciceronis
617 1634 835 1674 orationes
865 1635 1160 1683 continerent,
1194 1633 1304 1674 alter
1329 1633 1616 1674 verrinarum

162 1710 299 1751 libros
345 1710 454 1751 duos
495 1718 742 1760 extremos,
794 1708 929 1760 alter,
984 1711 1057 1766 qui
1099 1711 1144 1751 in
1189 1709 1455 1751 bibliotheca
1494 1711 1617 1765 regia

161 1789 274 1828 7794
305 1795 568 1836 numeratur,
603 1801 704 1838 eas,
735 1801 827 1842 quae
856 1796 958 1827 sunt
991 1801 1068 1842 pro
1097 1786 1146 1828 Ρ.
1176 1788 1347 1839 Sestio,
1380 1790 1424 1828 in
1450 1788 1497 1828 Ρ.
1527 1787 1617 1828 Va-

162 1865 342 1915 tiniam,
378 1878 457 1919 pro
490 1862 553 1904 M.
588 1861 765 1913 Caelio,
813 1863 865 1903 de
896 1865 1132 1918 provinciis
1161 1854 1492 1916 consularibus,
1536 1879 1614 1918 pro

162 1939 224 1983 M.
263 1939 468 1982 Cornelio
508 1938 674 1991 Balbo,
717 1954 953 1995 eorumque
996 1942 1189 1982 codicum
1234 1943 1458 1996 scripturis
1498 1957 1520 1981 a
1567 1955 1613 1980 se

165 2019 322 2058 notatis
366 2017 516 2059 utendi
553 2016 821 2058 liberrimam
864 2026 1121 2070 potestatem
1168 2017 1342 2058 obtulit.
1418 2018 1467 2059 Id
1509 2018 1614 2059 mihi

163 2103 412 2150 pergratum
465 2103 571 2134 erat.
643 2091 756 2135 Nam
802 2109 932 2150 quum
975 2095 1025 2137 ad
1071 2095 1281 2137 verrinas
1327 2096 1616 2136 emendandas

164 2171 294 2227 paulo
327 2180 426 2212 ante
460 2174 553 2226 ipse
601 2173 644 2212 in
689 2171 876 2227 epistola
909 2172 962 2213 ad
993 2171 1210 2214 Orellium
1247 2187 1350 2213 usus
1383 2187 1522 2214 essem
1554 2173 1616 2213 le-

165 2247 382 2289 ctionibus
422 2251 590 2305 egregii
621 2249 781 2290 codicis
810 2249 1070 2290 parisiensis
1105 2259 1204 2290 aute
1233 2249 1317 2290 duo
1350 2250 1509 2291 saecula
1538 2265 1617 2291 ex—

164 2328 338 2380 cerptis,
371 2327 482 2367 scire
515 2325 767 2381 cupiebam,
801 2328 951 2382 ecquid
984 2329 1086 2368 novi
1117 2326 1299 2368 subsidii
1335 2328 1512 2369 afferret
1539 2328 1617 2369 illa

163 2404 258 2444 sive
304 2404 498 2445 eiusdem
552 2403 712 2451 codicis
757 2417 873 2444 nova
924 2406 1238 2460 pervestigatio
1293 2407 1387 2445 sive
1438 2405 1617 2446 alterius

163 2479 291 2520 valde
331 2480 510 2530 similis3
562 2495 702 2537 neque
746 2482 859 2521 enim
900 2483 1047 2522 statim
1086 2482 1290 2538 patebat,
1335 2491 1431 2524 utra
1474 2485 1618 2524 verior

161 2566 276 2598 esset
307 2560 468 2614 opinio.
528 2558 614 2599 Eas
645 2567 790 2599 autem
821 2560 1066 2611 orationes,
1098 2574 1192 2615 quae
1224 2561 1269 2600 in
1302 2559 1441 2602 altero
1471 2561 1616 2601 codice

163 2643 310 2684 erant,
356 2638 462 2676 satis
493 2636 597 2677 mihi
632 2635 856 2678 constabat
890 2651 1029 2692 neque
1061 2639 1184 2678 initio
1217 2651 1276 2678 ex
1308 2636 1432 2677 bonis
1460 2636 1617 2677 codici-

162 2710 243 2753 bus
276 2712 414 2752 editas
443 2726 587 2768 'neque
628 2723 780 2769 postea
823 2729 970 2756 corum
1008 2730 1087 2768 ope
1130 2722 1376 2756 constanter
1407 2722 1449 2752 et
1482 2715 1617 2768 perite

163 2789 412 2830 emendatas
442 2803 556 2840 esse,
587 2792 850 2847 omninoque
882 2793 925 2832 in
954 2792 1020 2834 his
1039 2791 1323 2839 orationibus,
1361 2803 1452 2844 qute
1484 2789 1616 2845 vulgo

188 2911 224 2953 ¹)
253 2910 363 2946 Edita
389 2911 569 2957 bipartito
602 2911 703 2947 1833.
