1981 3390
1409 272 1498 319 179

120 395 302 439 quacum
331 385 575 426 necessario
607 385 812 437 coniungi
845 382 987 435 debet,
1020 396 1103 425 non
1135 385 1333 427 cohaeret.
1398 387 1562 444 ltaque.

116 462 201 503 nisi
247 474 373 516 quma
414 474 559 501 errore
593 459 783 511 excidit,
818 460 1058 502 addendum
1091 471 1182 513 est,
1222 470 1270 503 ut
1301 465 1488 515 conieci,
1521 472 1562 506 et

115 546 213 593 post
237 537 433 578 contulit.

233 613 316 654 Pro
340 613 467 654 Rosc.
489 612 637 654 Amer.
663 615 704 663 S,
733 615 783 653 21
816 612 1046 656 edebatur:
1080 615 1186 658 Haec
1215 615 1325 658 home
1356 622 1562 671 sexagies

115 688 219 730 H-S
264 696 464 731 emuntur
506 690 668 731 duobus
714 690 901 731 millibus
943 705 1165 733 nummum.
1232 694 1317 735 Sed
1347 694 1427 735 illa
1458 708 1559 736 sex-

115 771 238 821 agies
269 765 375 809 H.S
408 782 547 823 neque
590 766 706 808 ullus
740 766 915 808 Gruteri
948 770 1087 810 codex
1119 784 1257 825 neque
1289 771 1561 813 oxoniensis

114 842 268 895 habet,
309 845 381 899 (de
411 844 502 886 Ox.
539 855 577 895 ψ
612 844 786 891 siletur3
828 845 902 885 sed
936 847 1029 885 eius
1063 846 1183 887 nulla
1216 862 1395 902 usquam
1430 851 1562 889 omis-

115 922 181 962 sio
208 921 405 962 adnotari
435 920 571 970 solet,
604 935 657 961 ne
688 922 875 961 maiores
908 921 1079 975 quidem
1111 921 1198 962 illae
1228 923 1418 974 lacunae,
1453 939 1559 979 quas

115 998 200 1052 ipsi
242 997 428 1039 editores
461 996 698 1053 permultas
727 997 862 1037 fuisse
893 996 1122 1048 scribunt‚)
1153 1013 1232 1040 nec
1261 1009 1362 1042 sunt
1391 1002 1436 1042 in
1470 1002 1559 1042 edi-

112 1074 303 1115 tionibus
340 1073 577 1124 veteribus,
609 1083 656 1114 ut
687 1083 881 1128 apertum
915 1075 998 1124 sit,
1039 1073 1093 1116 ab
1127 1076 1291 1118 editore
1326 1076 1473 1132 aliquo
1506 1079 1560 1119 ad

113 1165 148 1193 c.
182 1153 223 1202 2,
251 1154 281 1192 6
309 1152 570 1206 respiciente
605 1150 746 1193 efficta
781 1165 877 1192 esse
914 1166 970 1192 ex
1004 1166 1082 1202 eo,
1123 1154 1234 1207 quod
1264 1155 1309 1194 in
1340 1154 1560 1196 codicibus

113 1227 297 1284 legitur:
329 1233 527 1269 emuntur
557 1232 860 1269 sarta-tiorum
895 1228 1056 1270 duobus
1089 1238 1192 1277 etc-3
1234 1244 1386 1271 verum
1416 1232 1460 1271 id
1493 1234 1557 1272 in-

112 1313 494 1359 terpretamentum
526 1314 591 1345 est
622 1307 742 1346 vocis
779 1319 1002 1345 nummum.
1059 1304 1174 1355 Nec,
1205 1307 1315 1360 quod
1333 1316 1460 1362 caput
1477 1319 1558 1358 est,

117 1382 273 1422 dicitur
297 1381 375 1422 illo
408 1382 535 1423 modo
567 1381 750 1430 Latine3
798 1397 894 1423 nam
927 1383 1147 1436 genitivus
1179 1382 1322 1423 decies
1352 1388 1556 1434 sestertii,

112 1459 158 1498 in
199 1472 283 1513 quo
324 1457 491 1499 nullum
531 1468 598 1499 est
636 1459 921 1510 adiecfivum,
961 1457 1234 1500 substantivo
1278 1460 1340 1501 ita
1378 1461 1558 1515 adiungi

112 1537 260 1590 nequit
280 1535 334 1587 ¹).

234 1610 284 1652 In
303 1611 453 1652 eadem
472 1612 668 1652 oratione
685 1626 720 1653 c.
738 1612 806 1661 13,
836 1612 893 1652 38
911 1612 1118 1667 exiguam
1144 1613 1443 1653 auctoritatem
1467 1612 1556 1654 edi-

110 1689 240 1729 tionis
272 1690 466 1743 repetitae
481 1688 779 1729 Lambinianae
812 1687 884 1729 vel
901 1690 1044 1743 potius
1066 1690 1356 1730 coniecturam
1384 1698 1558 1731 secutus

114 1764 317 1806 mendum
347 1766 474 1806 nimis
498 1767 715 1807 incuriose
744 1767 1081 1821 praetermissum
1107 1767 1270 1806 notavi.
1335 1763 1557 1808 Edebatur

112 1843 248 1884 enim:
280 1841 440 1883 Nonne
470 1848 515 1883 et
542 1843 771 1883 audaciam
802 1843 1066 1897 singularem
1094 1843 1320 1883 oslendere
1351 1845 1558 1898 (oportet)

111 1924 157 1958 et
188 1932 324 1960 mores
350 1918 483 1969 feros
517 1924 822 1973 immanemque
854 1924 1052 1960 naturam
1086 1925 1132 1959 ec
1157 1923 1290 1960 vitam
1323 1923 1443 1959 villis
1458 1920 1554 1970 fla-

108 1999 320 2049 gitiisque
350 1995 542 2036 omnibus
574 1996 761 2036 deditam
776 2025 788 2045 ,
834 2001 880 2036 et
915 1997 1101 2049 denique
1139 1999 1281 2035 onmia
1319 1995 1379 2035 ad
1406 2000 1554 2048 perne·-

115 2075 221 2111 cc‘em
252 2071 492 2125 profligata
523 2077 653 2126 atque
681 2071 891 2124 perdita!
942 2070 1081 2111 Nemo
1113 2073 1300 2126 ignorat,
1333 2071 1556 2125 particulae

113 2147 339 2202 colligenti
380 2157 423 2187 et
466 2147 739 2188 concludenti
780 2147 967 2201 denique.
1003 2147 1295 2201 copulativam
1337 2162 1557 2203 nunquam

112 2225 313 2278 praemitti
339 2224 449 2277 apud
481 2225 762 2279 antiquiores.
836 2222 1061 2264 Librarius
1091 2232 1156 2264 ter
1187 2226 1371 2279 positam
1405 2233 1557 2279 quarto

114 2301 244 2341 etiam
275 2299 372 2341 loco
413 2300 590 2341 addidit.
665 2300 715 2340 In
757 2300 950 2340 eiusdem
986 2299 1209 2354 particulae
1254 2301 1439 2357 denique
1475 2315 1557 2342 usu

112 2378 272 2418 vitiosa
308 2385 399 2418 erat
441 2376 718 2418 librariorum
759 2375 886 2432 culpa
916 2378 1056 2417 oratio
1094 2378 1139 2417 in
1172 2375 1267 2418 Cat.
1297 2377 1385 2430 ΙΙΙ,
1413 2380 1455 2429 ’7,
1489 2380 1558 2428 17,

111 2453 185 2494 ubi
233 2456 426 2496 correxit
473 2454 530 2496 A.
580 2454 779 2496 Matthiae
824 2469 847 2495 e
899 2453 1145 2504 codicibus,
1194 2462 1238 2494 et
1282 2469 1362 2509 pro
1405 2454 1557 2509 Ligar.

110 2530 153 2580 5,
185 2532 258 2572 12:
289 2530 414 2572 Novi
443 2535 554 2573 enim
586 2537 654 2582 te,
702 2535 809 2572 novi
830 2538 1022 2586 patrem,
1056 2534 1162 2572 novi
1188 2531 1354 2573 domum
1385 2545 1556 2572 nomeu-

112 2620 193 2662 que
224 2613 434 2656 veetrum‚·
476 2608 622 2649 studia
661 2608 847 2663 denique
881 2611 1059 2663 generis
1101 2622 1155 2649 ac
1177 2607 1377 2657 famile'oe
1409 2613 1558 2648 veslrae

113 2687 310 2734 virtutis,
342 2682 637 2736 humanitatis,
671 2685 891 2735 doctrinm,
921 2686 1206 2739 plurimarum
1237 2689 1392 2726 artium
1426 2689 1558 2738 alque

115 2764 393 2813 optimarum,
424 2767 528 2803 nota
558 2767 660 2803 sunt·
690 2761 796 2803 milei
823 2765 978 2804 omnia.
1042 2760 1142 2803 Non
1173 2761 1370 2817 adiungit
1397 2774 1559 2801 novum

145 2854 183 2896 ι)
209 2853 411 2891 Steinmetz
437 2857 482 2891 dc
507 2857 696 2894 codicibus
724 2861 762 2893 et
786 2858 861 2894 auis
888 2861 925 2894 et
948 2857 1112 2894 aliorum
1136 2859 1246 2891 tacet.

1231 2924 1298 2958 12·
