1981 3390
457 224 556 273 3⁰2

491 343 561 383 6⁰.

478 496 565 534 61.

390 949 459 989 62.
499 948 567 988 63.

386 1405 455 1445 65.
495 1405 562 1444 66.

490 1710 559 1749 67.

477 2134 555 2167 cius
567 2158 577 2174 ,

628 337 760 380 Vibo
793 338 1085 380 'Valentia
1127 340 1172 379 in
1212 336 1393 379 Bruttiis
1430 337 1622 388 a.·192‚
1673 336 1830 380 Latina

617 422 770 469 (supra
796 429 838 468 p.
868 417 952 455 270
980 415 1107 466 non).

622 493 885 533 Bononia
917 492 962 530 in
979 489 1124 530 Gallia
1149 488 1393 542 Cispadana
1415 504 1458 530 a.
1486 490 1568 529 189
1594 496 1693 529 ante
1717 489 1830 530 diem

617 570 791 608 tertium
823 565 924 607 Kal.
955 566 1203 616 Ianuarias,
1243 565 1399 606 Latina
1431 566 1550 616 (Liv.
1581 565 1832 614 XXXVII,

618 645 674 683 57
705 652 747 682 et
778 642 897 683 vell.
966 641 1094 693 Apud
1129 641 1305 682 Livium
1341 641 1600 692 XXXVII,
1646 645 1701 682 47
1734 656 1830 682 nar-

616 726 762 767 ratur,
798 732 838 759 a.
872 719 954 757 190
983 726 1180 758 senatum
1213 718 1458 768 censuisse,
1503 726 1550 757 ut
1583 719 1676 758 duae
1706 731 1829 758 novae

619 793 800 834 coloniae
832 795 878 833 in
907 807 1084 848 agrum,
1127 794 1200 848 qui
1237 791 1444 833 Boiorum
1482 793 1661 843 fuisset,
1699 794 1832 833 dedu-

619 870 849 920 cerentur).
1667 870 1670 873 ’
1707 870 1711 873 “

624 947 898 987 Potentia
928 946 972 985 in
996 945 1155 985 Piceno
1188 953 1230 985 et
1258 945 1550 985 Pisaurum
1578 945 1623 984 in
1653 943 1834 986 Umbria

620 1026 742 1077 (agro
783 1022 972 1072 Gallico)
1021 1035 1060 1061 a.
1099 1022 1203 1071 184,
1251 1022 1411 1062 civium
1449 1024 1508 1074 (p.
1555 1022 1660 1068 2533
1701 1021 1832 1060 iidem

618 1100 832 1139 triumviri
860 1099 1167 1146 deduxerunt).

619 1175 899 1229 Aquileia
936 1176 981 1214 in
1021 1171 1177 1212 Galliae
1209 1171 1530 1224 Transpadanae
1570 1181 1692 1224 parte
1720 1172 1832 1213 ulte-

620 1252 734 1291 riore
765 1266 803 1290 a.
840 1240 919 1290 181
954 1249 1071 1299 (Liv.
1101 1247 1212 1297 XL,
1241 1248 1316 1295 34>
1346 1261 1406 1287 ex
1439 1247 1538 1303 lege
1565 1248 1655 1289 lata
1687 1263 1726 1289 a.
1751 1251 1832 1289 183

616 1325 878 1378 (XXXIV,
906 1326 987 1375 55,
1019 1324 1193 1365 secund.
1223 1323 1341 1364 Vell.
1372 1339 1410 1364 a.
1441 1325 1570 1376 182),
1602 1325 1775 1379 Latina.

622 1404 819 1444 Parma
850 1411 892 1443 et
927 1402 1156 1442 Mutina
1194 1401 1240 1440 in
1278 1400 1422 1442 Gallia
1453 1400 1720 1453 Cispadana,
1772 1416 1832 1442 ex

616 1479 716 1535 lege
749 1494 789 1520 a.
825 1481 906 1520 183
936 1479 1040 1528 lata,
1071 1479 1230 1518 civium
1259 1478 1406 1531 (supra
1434 1492 1475 1530 p.
1501 1479 1626 1531 286),
1658 1493 1718 1519 ex
1747 1493 1830 1533 quo

619 1557 750 1596 etiam
784 1555 936 1595 Cicero
976 1553 1162 1606 Philipp.
1197 1553 1254 1602 V,
1296 1555 1324 1593 9
1352 1555 1584 1604 coloniam,
1625 1568 1711 1595 non
1743 1569 1831 1595 mn-

617 1636 822 1685 mcz‘pt'ecm
853 1631 1066 1671 Mutinam
1101 1629 1289 1682 appellat
1326 1631 1472 1683 (supra
1510 1645 1552 1683 p.
1583 1633 1666 1672 270
1707 1635 1829 1682 not.).

617 1706 909 1748 Saturnia'
935 1709 980 1747 in
1011 1706 1184 1746 Etruria
1225 1706 1376 1747 eodem
1407 1716 1623 1760 tempore,
1672 1709 1832 1750 civium

619 1785 735 1837 (Liv.
769 1783 1010 1832 XXXIX,
1038 1783 1127 1832 55).

624 1860 924 1901 Grave‘scae
955 1861 999 1899 in
1037 1859 1212 1899 Etruria
1251 1872 1289 1898 a.
1328 1859 1407 1898 181
1448 1858 1587 1912 (vell.
1630 1862 1754 1912 182),
1784 1871 1831 1902 ut

619 1938 812 1987 videtur,
843 1937 1002 1977 civium
1032 1938 1180 1989 (supra
1211 1949 1254 1988 p.
1279 1936 1395 1987 287).

615 2145 693 2177 quae
720 2137 762 2167 ut
789 2133 825 2167 in
850 2132 1017 2168 Bruttios
1044 2133 1314 2174 deduceretur,
1343 2132 1463 2166 latum
1488 2133 1671 2177 legimus,
1699 2143 1832 2167 nomen

480 2194 658 2227 traditum
686 2205 756 2226 non
784 2204 886 2234 esse,
920 2192 1047 2237 itaque
1082 2204 1164 2227 eam
1198 2192 1278 2228 sine
1308 2191 1420 2225 dubio
1445 2192 1650 2237 significari
1675 2193 1832 2227 obscuro

478 2252 546 2285 illo
572 2252 742 2293 nomine;
781 2264 825 2286 ne
860 2253 891 2286 si
923 2252 1144 2286 incredibile
1168 2252 1336 2293 videtur,
1381 2252 1497 2286 fuisse
1525 2252 1562 2286 in
1588 2251 1745 2287 Bruttiis
1770 2263 1831 2285 cn-

478 2316 597 2346 strum
622 2312 885 2352 Ferentinum,
910 2311 1015 2345 cuius
1040 2312 1222 2345 memoria
1246 2316 1330 2355 post
1354 2312 1550 2345 deductam
1576 2323 1619 2344 eo
1644 2311 1831 2345 colonium

477 2371 591 2406 trium
617 2371 778 2404 millium
806 2370 994 2414 peditum,
1021 2374 1272 2403 trecentorum
1296 2370 1461 2414 equitum
1488 2381 1638 2414 prorsus
1668 2381 1830 2404 evanue-

477 2431 549 2472 rit,
585 2431 680 2475 quod
716 2442 785 2463 nec
819 2430 913 2463 mihi
939 2428 1136 2472 probabile
1160 2428 1326 2470 videtur,
1365 2441 1479 2474 quum
1504 2435 1608 2463 tantu
1636 2430 1831 2476 diligentia

478 2490 623 2525 Plinius
663 2490 803 2535 aliique
828 2489 1006 2534 oppidula
1035 2489 1150 2522 Italiae
1177 2493 1417 2530 enumerent,
1453 2490 1668 2534 quaerendus
1703 2495 1756 2525 est
1791 2491 1827 2525 in

480 2549 637 2584 Bruttiis
670 2550 798 2588 locus,
837 2548 940 2582 cuim
979 2560 1112 2582 nomen
1149 2560 1215 2593 pro
1260 2549 1328 2583 illo
1362 2550 1631 2591 substituatur,
1671 2549 1830 2584 similius

481 2621 626 2655 quoque
649 2610 855 2654 scripture,
891 2619 1002 2653 quum
1027 2609 1253 2643 Thurinum.
1309 2609 1405 2643 Mihi
1437 2609 1570 2643 Terina
1595 2611 1828 2651 occurrebat,

476 2669 589 2703 situm
615 2670 791 2715 oppidum
819 2669 1116 2703 commodissime
1141 2670 1186 2703 ad
1211 2670 1333 2704 einum
1358 2670 1492 2711 maris,
1517 2674 1558 2704 ut
1582 2670 1697 2704 etiam
1724 2671 1830 2704 Han·

480 2730 608 2771 nibal,
650 2742 763 2774 quum
790 2729 951 2763 retinere
980 2729 1015 2763 in
1043 2734 1226 2774 potestate
1259 2743 1330 2766 non
1357 2734 1502 2778 posset,
1535 2731 1732 2765 delendum
1759 2741 1828 2775 pu-

481 2790 569 2826 tarit
594 2790 741 2835 (strab.
765 2790 835 2825 vl.
870 2789 889 2823 1
920 2802 954 2834 p·
979 2792 1001 2826 '7
1024 2791 1226 2835 Tauchn.).
