1981 3390
1445 200 1546 250 489

172 333 218 366 nt
260 329 347 366 ima
388 323 503 366 tribu
543 322 627 366 dici
663 327 809 376 posset
849 319 1207 376 quemadmodum
1247 324 1334 361 ima
1361 322 1500 374 plebe.
1566 322 1620 363 Et

174 405 275 459 quid
306 404 349 444 id
380 403 432 444 ad
466 416 582 452 rem,
621 400 850 441 dummodo
885 401 952 440 ins
992 399 1192 454 suffragii
1234 399 1278 438 in
1313 412 1364 438 ea
1397 397 1510 438 tribu
1546 399 1621 440 ha-

174 481 355 523 berent?
413 480 640 534 Sequitur:
683 478 755 519 De
786 492 875 528 me,
923 491 1043 532 quem
1087 482 1314 529 tyranuum
1356 481 1485 531 alque
1528 490 1620 517 ere-

169 565 334 613 ptorem
371 556 589 597 libertatis
623 570 714 597 esse
746 555 940 606 dicebat,
987 559 1033 596 in
1064 556 1145 595 illa
1182 559 1311 596 rm'na
1343 557 1412 595 rei
1433 553 1621 608 public-ce

173 635 285 675 dicit
311 648 356 675 se
383 636 517 688 Iegem
548 636 711 674 lulc‘sse.
769 634 1044 675 Incommode
1073 631 1313 674 subiectum
1333 632 1468 682 deest,
1489 646 1621 687 quum

170 714 374 768 proxime
413 713 636 767 superiora
665 713 868 752 universe
903 711 1125 761 ‹lic-antur,
1168 709 1320 751 Clodio
1358 725 1441 751 non
1475 709 1623 766 appel-

171 789 275 831 lato.
341 789 454 830 Tum
488 804 638 843 parum
675 798 773 845 apte
805 788 948 830 Clodii
984 791 1222 830 orationem
1262 790 1510 843 exprimens
1551 788 1623 828 ad-

171 870 322 908 miscet
354 881 413 908 ex
452 882 531 908 sua
572 881 759 922 persona
797 871 844 907 in
884 868 966 907 illa
1005 870 1149 906 ruina.
1212 865 1317 906 Haec
1350 868 1624 921 corriguntur

172 954 372 1000 recepta,
413 959 540 1000 quam
583 958 708 984 nemo
754 945 972 984 mentione
1017 943 1191 997 dignam
1230 944 1383 994 duxit,
1427 943 1624 983 codicum

171 1024 409 1078 scriptura,
449 1036 535 1062 non
575 1021 716 1063 solum
759 1022 856 1062 Par.
897 1029 941 1062 et
978 1020 1160 1071 Bernn.,
1200 1021 1275 1061 sed
1319 1022 1347 1061 5
1381 1020 1534 1070 Oxx.,
1579 1027 1627 1060 ut

172 1100 303 1141 facile
333 1109 562 1156 appareat,
607 1100 788 1141 eandem
831 1101 875 1140 in
917 1098 1188 1140 Gruterianis
1229 1100 1386 1140 fuisse:
1446 1097 1516 1139 De
1547 1111 1626 1148 me,

175 1191 296 1233 quem
336 1185 564 1231 tyrannum
609 1183 739 1232 alque
780 1183 1014 1232 ereptorem
1058 1178 1274 1218 le'berlale’s
1313 1190 1406 1217 esse
1455 1175 1629 1216 dicebat·

175 1256 257 1296 illa
285 1260 415 1297 ruina
447 1260 516 1297 rei
534 1255 749 1310 pecblt'cae,
795 1256 906 1296 decit
945 1269 991 1297 se
1029 1257 1165 1310 Iegem
1207 1256 1372 1296 tulisse.
1435 1254 1627 1295 Ruinam

177 1337 248 1373 rec*
278 1333 466 1387 publicae
495 1333 696 1375 Clodium
733 1342 859 1375 vocat
890 1335 1083 1388 imagine
1122 1335 1311 1384 rariore,
1352 1347 1478 1388 quein
1522 1331 1628 1373 alibi

168 1416 359 1464 pestem,
407 1413 724 1463 calamitatem,
755 1412 947 1462 furiam.
1017 1412 1090 1453 Sic
1119 1412 1170 1452 de
1202 1426 1325 1464 prov.
1355 1424 1471 1451 cons.
1502 1412 1544 1459 6,
1575 1411 1631 1449 13

175 1487 379 1530 Pisonem
397 1498 439 1529 et
457 1489 691 1530 Gabinium
704 1489 1035 1544 publicanorum
1050 1493 1202 1530 ruinas
1227 1488 1430 1542 appellat.
1489 1486 1626 1528 Paulo

176 1573 276 1621 post
308 1569 332 1617 ξ
360 1569 454 1617 110,
487 1567 563 1608 ubi
598 1567 768 1609 Gellius
800 1567 1045 1623 appellatur
1075 1566 1194 1607 homo
1221 1566 1378 1616 fratre
1405 1566 1627 1620 indignus,

179 1647 272 1683 viro
305 1645 542 1686 clarissimo
574 1651 704 1700 atque
736 1649 892 1699 optimo
922 1644 1109 1693 consule,
1134 1643 1330 1685 Orellius
1362 1643 1493 1699 paulo
1525 1657 1631 1697 neg-

179 1719 389 1774 ligentius
430 1736 490 1762 ex
533 1724 697 1763 maiore
732 1723 921 1763 editione
963 1723 1259 1776 transcripsit,
1302 1718 1394 1776 qna?
1425 1720 1511 1771 ibi,
1543 1719 1630 1760 Ga-

179 1799 394 1838 ratonium
418 1807 607 1849 secutus,
637 1813 721 1839 non
747 1813 851 1840 sane
878 1798 1123 1853 probabilia
1157 1787 1454 1850 disputaverat
1483 1805 1634 1838 contra

181 1888 282 1925 eos,
329 1876 401 1930 qui
444 1890 530 1916 non
563 1876 786 1928 ferebant,
825 1876 877 1916 L.
910 1875 1125 1925 Gellium,
1163 1877 1235 1930 qui
1277 1890 1315 1915 a.
1351 1877 1434 1915 682
1481 1874 1633 1915 consul

179 1952 360 2004 fuisset,
392 1967 505 1994 nunc
535 1955 592 2007 (a.
625 1955 725 2003 698)
770 1954 991 1995 consulem
1027 1955 1134 2004 dici,
1176 1968 1305 2009 quum
1348 1955 1442 2008 ipse
1486 1954 1628 1993 statim

181 2029 383 2071 subiiciat
426 2031 672 2072 scholiastae
705 2033 909 2074 Vaticani
954 2032 1274 2072 adnotationem
1313 2033 1458 2071 omnia
1495 2043 1633 2084 expe·

180 2109 385 2149 dientem.
443 2110 594 2150 Frater
622 2111 736 2150 enim
763 2110 1024 2164 intelligitur
1053 2123 1136 2150 non
1166 2108 1240 2149 ille
1266 2109 1318 2149 L.
1342 2107 1528 2158 Gellius,
1556 2107 1630 2148 sed

179 2190 375 2226 uterinus
408 2185 460 2226 L.
492 2187 744 2242 Philippus,
785 2188 866 2228 hoc
904 2190 998 2242 ipso
1043 2202 1153 2228 anno
1195 2186 1359 2228 consul.
1423 2186 1491 2226 Ad
1524 2185 1634 2226 hane

181 2265 439 2304 sententiam
480 2265 728 2305 iamdudum
769 2266 936 2306 adiecta
980 2267 1122 2306 vitrici
1153 2264 1341 2318 Philippi
1373 2265 1535 2304 mentio
1568 2264 1633 2304 in-

182 2349 391 2396 terpretes
420 2342 631 2383 adducere
675 2343 898 2385 debuerat.
975 2343 1180 2398 Sequitur
1221 2342 1342 2383 locus
1391 2340 1516 2382 valde
1556 2341 1632 2381 du-

181 2418 294 2469 hius,
325 2420 368 2459 in
394 2433 477 2474 quo
500 2417 660 2460 Bernn.
692 2429 734 2460 et
764 2421 856 2461 cod.
885 2419 999 2462 Vict.
1035 2419 1217 2461 habent:
1250 2418 1364 2460 m'lee’l
1393 2433 1499 2460 sane
1528 2425 1634 2460 atlce

181 2496 396 2537 iuvabant
423 2504 677 2552 anagnostae
703 2497 851 2549 (Bern.
875 2497 1030 2539 saltem
1061 2500 1364 2551 ‹znangnostaej
1387 2496 1530 2536 libella·
1552 2510 1632 2549 pro

183 2577 283 2613 vino
317 2578 448 2614 etiam
476 2589 585 2628 scope
614 2576 1036 2630 oppc'gnerabautur5
1069 2575 1327 2616 parisiensis
1357 2583 1517 2623 autem,
1548 2587 1632 2613 nie-

182 2651 265 2691 diis
296 2651 468 2691 omissis
502 2652 595 2692 sive
624 2667 796 2703 errore,
839 2654 933 2694 sive
962 2654 1074 2708 quod
1117 2653 1231 2693 lectu
1265 2650 1457 2691 difficilia
1491 2660 1633 2691 erant:

183 2727 297 2769 m'lee'l
322 2742 428 2770 sane
460 2743 487 2768 ιι
525 2733 569 2769 te
600 2728 741 2771 libelle·
776 2744 858 2783 pro
904 2734 1004 2771 vino
1044 2734 1172 2771 etiam
1216 2742 1329 2783 scepe
1373 2732 1631 2782 opptjgnera-

183 2805 351 2848 bantur.
419 2807 472 2848 Et
504 2806 622 2848 Aetoe
650 2807 822 2862 quidem
862 2808 970 2850 nihil
1003 2818 1096 2860 est,
1142 2822 1220 2848 nec
1264 2807 1333 2848 hic
1378 2805 1512 2848 ullum
1560 2820 1633 2846 no-
