1981 3390
1462 275 1563 322 455

184 398 282 441 Non
313 400 474 440 diutius
505 397 621 438 uliud
656 395 871 436 auxilium
900 393 1160 449 (publicum)
1189 394 1530 446 exspectandum
1559 409 1634 448 pu-

185 476 355 524 tabant3
401 476 441 516 id
471 472 688 528 significat
721 471 799 511 illa
828 470 1041 526 particula
1067 472 1120 520 ¹).

277 543 351 593 ρ(3.
381 553 456 601 12,
487 551 543 590 2³)
572 548 708 590 latere
744 549 912 589 videtur
943 550 1120 602 antiqua
1153 545 1462 604 διττογραφιά.
1522 547 1631 587 Ede-

183 629 306 669 bntur
351 626 506 682 vulgo:
546 640 626 680 pro
670 640 832 666 munna
866 625 1214 675 familiaritate,
1260 637 1354 679 quae
1400 623 1507 665 melu·
1543 638 1634 664 cum

166 705 344 755 fratre,
391 718 482 745 cum
522 710 653 758 patre
684 708 777 744 eius
811 709 929 753 erat,
976 702 1286 758 confirmatque
1320 716 1416 743 eam
1449 703 1631 756 scriptu-

177 796 267 824 ram
302 782 440 822 codex
469 782 565 821 Par.
600 782 651 822 ad
696 783 867 822 tertiam
902 780 1112 822 familiam
1149 780 1399 828 adiunctus3
1440 793 1498 820 ex
1530 778 1634 820 Ber-

179 860 325 899 nensis
358 860 512 911 prioris
544 860 698 899 mendo
731 873 822 900 cum
851 864 980 914 patre
1013 862 1105 899 etus
1141 862 1233 899 eius
1266 857 1470 897 librarius
1503 855 1633 897 Bern.

177 935 358 976 alterius
390 939 453 986 (et
483 936 576 975 cod.
618 934 666 975 C.
699 936 868 990 steph.)
907 935 1161 988 corrigendo
1197 935 1345 974 effecit
1385 948 1480 974 cum
1505 939 1634 988 patre

177 1016 271 1052 eius
304 1018 390 1061 est,
439 1013 549 1067 quod
584 1011 779 1052 Orellius
807 1019 980 1052 secutus
1015 1023 1094 1051 est.
1161 1011 1247 1052 Sed
1280 1025 1419 1066 neque
1451 1010 1633 1065 asynde-

177 1099 250 1128 ton
286 1087 522 1129 bimembre
554 1087 635 1130 hoo
667 1088 764 1129 loco
794 1089 900 1129 ferri
933 1087 1025 1129 ullo
1057 1088 1182 1129 modo
1210 1096 1351 1142 potest
1378 1089 1422 1127 iu
1441 1086 1633 1141 simplici

175 1165 357 1206 duorum
400 1165 622 1206 hominum
662 1168 891 1206 coniuncta
935 1164 1228 1220 appellatione
1276 1178 1415 1219 neque
1459 1164 1632 1204 defendi

174 1257 409 1296 perversus
437 1243 568 1292 ordo,
605 1257 688 1298 quo
729 1243 862 1283 frater
897 1244 1007 1297 patri
1037 1243 1321 1296 praeponitur3
1367 1256 1445 1282 nec
1477 1242 1630 1296 peritis

175 1318 403 1359 obscurum
437 1321 544 1370 erit,
575 1335 811 1376 pronomen
846 1323 939 1360 eius
969 1320 1022 1360 ad
1053 1321 1173 1372 prius
1205 1318 1525 1360 substantivum
1555 1318 1631 1359 ad-

175 1398 298 1451 iungi
329 1396 555 1445 debuisse3
589 1412 672 1453 quo
716 1398 907 1448 accedit,
950 1397 1093 1453 quod,
1137 1410 1231 1453 quae
1275 1410 1370 1437 cum
1412 1396 1546 1436 fratre
1578 1392 1630 1435 L.

174 1473 338 1513 Lamiae
375 1473 576 1515 Ciceroni
609 1475 883 1516 familiaritas
918 1484 1035 1525 erat,
1066 1474 1216 1515 eadem
1253 1481 1346 1514 erat
1375 1475 1468 1514 sine
1497 1471 1629 1513 dubio

174 1565 269 1591 cum
300 1552 409 1604 ipso,
442 1550 722 1593 ‘’C-coeronem
753 1557 882 1593 um'ce
910 1552 1176 1608 diligente?
1210 1549 1327 1602 (Nec
1355 1563 1414 1591 ex
1441 1564 1490 1590 eo
1512 1562 1630 1590 amor

172 1632 288 1670 inter
316 1641 393 1670 nos
421 1633 551 1669 natus
583 1633 672 1677 est,
704 1629 782 1669 sed
812 1630 928 1685 quod
955 1635 1054 1670 erat
1081 1635 1202 1670 velus
1232 1633 1274 1668 et
1302 1641 1498 1682 mugnus,
1524 1640 1628 1681 pro-

164 1711 322 1760 pterea
376 1706 537 1746 nullum
583 1707 829 1759 periculum
869 1720 949 1761 pro
1003 1720 1068 1747 me
1112 1706 1239 1747 adire
1279 1703 1520 1753 dubtcavee3
1575 1705 1629 1745 ad

172 1783 293 1823 Fam.
327 1782 442 1832 XII,
477 1785 574 1835 290
609 1793 756 1825 contra
785 1793 900 1825 recte
931 1783 1049 1825 filius
1082 1784 1335 1824 adolescens
1368 1781 1625 1823 Ciceronem

172 1859 386 1899 dilexisse
410 1860 565 1900 dicitur
595 1869 767 1915 propter
789 1859 1010 1900 Ciceronis
1042 1867 1085 1900 e‘t
1115 1863 1249 1913 patris
1275 1861 1455 1910 Lamiae,
1487 1874 1630 1913 aequa-

172 1936 304 1987 lium,
345 1936 699 1978 familiaritatem.
766 1937 1050 1978 Scribendum
1093 1946 1158 1978 est
1190 1939 1345 1992 igitur:
1390 1949 1485 1992 qecae
1524 1935 1630 1976 melec

174 2028 266 2054 cum
297 2020 425 2068 putre
453 2019 544 2055 eins·
573 2020 682 2055 erat.
741 2013 887 2065 Quum
911 2014 1157 2055 aberratum
1181 2023 1316 2055 esset:
1348 2012 1628 2063 cumfratre,

171 2100 351 2146 utraque
388 2092 600 2147 scriptura
630 2093 673 2133 in
706 2093 852 2134 codice
896 2095 1141 2133 nostrorum
1179 2099 1359 2147 parente
1400 2091 1628 2132 coniuncta

173 2176 238 2208 est
260 2169 317 2219 ²).

290 2244 338 2285 C.
367 2247 444 2296 13,
476 2248 533 2286 29
563 2246 723 2287 nollem
756 2246 967 2298 Orellius,
1005 2247 1177 2288 deserta
1203 2245 1392 2287 Manutii
1424 2254 1466 2287 et
1492 2245 1627 2286 Gara-

171 2323 278 2362 tonii
324 2325 597 2373 coniectura,
643 2338 772 2379 quam
814 2326 859 2364 in
894 2325 1057 2365 maiore
1100 2324 1290 2364 editione
1333 2332 1506 2364 secutus
1537 2333 1630 2364 erat

168 2398 284 2448 (sine
327 2401 416 2440 ullo
458 2401 649 2451 iudicio,
694 2401 888 2455 edicto),
940 2400 1069 2442 Bakii
1111 2401 1349 2456 recepisset
1392 2401 1507 2451 (siue
1539 2401 1627 2441 ullo

194 2572 233 2614 ¹)
261 2572 300 2605 C.
328 2572 394 2614 12,
421 2572 466 2607 27
490 2573 714 2609 auctoritate
742 2575 823 2609 cod.
850 2574 968 2609 Paris.
987 2574 1257 2609 restituendum
1283 2577 1339 2608 est
1357 2584 1533 2616 quumque
1561 2584 1628 2617 pro

262 2643 368 2674 quum
396 2634 535 2674 (Orell.
565 2646 607 2668 ex
638 2636 808 2679 Bel-nm),
847 2636 926 2670 eius
952 2640 1078 2670 autem
1105 2640 1141 2669 et
1167 2636 1346 2668 Bel-nens.
1374 2632 1626 2676 reliquorum-

262 2703 333 2735 quc
358 2693 556 2727 mutatione
591 2695 702 2728 vestie
731 2697 839 2737 sacta
870 2708 940 2740 pro
975 2697 1173 2730 mutatione
1203 2695 1312 2736 sacta
1348 2693 1458 2725 vestis
1484 2693 1622 2735 (Orell.

262 2762 305 2784 cx
334 2752 473 2795 llerv.)

199 2813 238 2856 ²)
266 2813 480 2857 Her-vagina
506 2812 610 2857 quasi
642 2824 768 2848 errore
803 2815 994 2851 intellecto
1031 2815 1147 2849 edidit
1182 2814 1279 2856 (sive
1310 2814 1362 2847 ita
1388 2812 1460 2845 inm
1488 2811 1524 2844 in
1551 2811 1627 2843 Tu-

265 2871 357 2908 lenti
384 2872 510 2908 codice
537 2872 650 2916 fuit):
681 2886 760 2918 qua:
786 2887 864 2912 cum
883 2878 1008 2919 fratrc
1035 2876 1124 2911 mike·
1150 2875 1203 2908 vel
1222 2886 1296 2908 cum
1311 2879 1418 2917 patre
1438 2873 1512 2906 cius
1537 2875 1626 2904 crat.
