<?xml version="1.0" encoding="UTF-8"?>
<!DOCTYPE html PUBLIC "-//W3C//DTD XHTML 1.0 Transitional//EN"
    "http://www.w3.org/TR/xhtml1/DTD/xhtml1-transitional.dtd">
<html xmlns="http://www.w3.org/1999/xhtml" xml:lang="en" lang="en">
 <head>
  <title>
</title>
<meta http-equiv="Content-Type" content="text/html;charset=utf-8" />
  <meta name='ocr-system' content='tesseract 3.04.00' />
  <meta name='ocr-capabilities' content='ocr_page ocr_carea ocr_par ocr_line ocrx_word'/>
</head>
<body>
  <div class='ocr_page' id='page_1' title='image "./ionicolaimadvigi01madvuoft_0116.png"; bbox 0 0 1981 3390; ppageno 0'>
   <div class='ocr_carea' id='block_1_1' title="bbox 411 220 504 268">
    <p class='ocr_par' dir='ltr' id='par_1_1' title="bbox 411 220 504 268">
     <span class='ocr_line' id='line_1_1' title="bbox 411 220 504 268; baseline -0.022 0"><span class='ocrx_word' id='word_1_1' title='bbox 411 220 504 268; x_wconf 69' lang='lat'><strong>104</strong></span> 
     </span>
    </p>
   </div>
   <div class='ocr_carea' id='block_1_2' title="bbox 340 337 1778 780">
    <p class='ocr_par' dir='ltr' id='par_1_2' title="bbox 340 337 1778 780">
     <span class='ocr_line' id='line_1_2' title="bbox 458 337 1770 396; baseline 0.004 -17"><span class='ocrx_word' id='word_1_2' title='bbox 458 337 602 394; x_wconf 80' lang='lat' dir='ltr'><strong>Negat</strong></span> <span class='ocrx_word' id='word_1_3' title='bbox 623 338 776 380; x_wconf 89' lang='lat' dir='ltr'><strong>deinde</strong></span> <span class='ocrx_word' id='word_1_4' title='bbox 809 340 1011 381; x_wconf 79' lang='lat' dir='ltr'><strong>Osannus</strong></span> <span class='ocrx_word' id='word_1_5' title='bbox 1035 340 1112 382; x_wconf 90' lang='lat' dir='ltr'><strong>illo</strong></span> <span class='ocrx_word' id='word_1_6' title='bbox 1139 349 1331 396; x_wconf 87' lang='lat' dir='ltr'><strong>tempore</strong></span> <span class='ocrx_word' id='word_1_7' title='bbox 1355 340 1566 383; x_wconf 87' lang='lat' dir='ltr'><strong>eiusmodi</strong></span> <span class='ocrx_word' id='word_1_8' title='bbox 1588 354 1695 395; x_wconf 84' lang='lat' dir='ltr'><strong>opus</strong></span> <span class='ocrx_word' id='word_1_9' title='bbox 1718 343 1770 384; x_wconf 79' lang='lat' dir='ltr'><strong>ab</strong></span> 
     </span>
     <span class='ocr_line' id='line_1_3' title="bbox 340 415 1776 473; baseline 0.002 -18"><span class='ocrx_word' id='word_1_10' title='bbox 340 429 392 456; x_wconf 84' lang='lat' dir='ltr'><strong>eo</strong></span> <span class='ocrx_word' id='word_1_11' title='bbox 415 415 587 456; x_wconf 85' lang='lat' dir='ltr'><strong>homine</strong></span> <span class='ocrx_word' id='word_1_12' title='bbox 608 415 762 458; x_wconf 87' lang='lat' dir='ltr'><strong>confici</strong></span> <span class='ocrx_word' id='word_1_13' title='bbox 780 418 997 470; x_wconf 85' lang='lat' dir='ltr'><strong>potuisse3</strong></span> <span class='ocrx_word' id='word_1_14' title='bbox 1027 418 1140 473; x_wconf 92' lang='lat' dir='ltr'><strong>quod</strong></span> <span class='ocrx_word' id='word_1_15' title='bbox 1162 420 1199 459; x_wconf 90' lang='lat' dir='ltr'><strong>is</strong></span> <span class='ocrx_word' id='word_1_16' title='bbox 1222 421 1406 473; x_wconf 83' lang='lat' dir='ltr'><strong>primum</strong></span> <span class='ocrx_word' id='word_1_17' title='bbox 1432 421 1524 460; x_wconf 89' lang='lat' dir='ltr'><strong>sine</strong></span> <span class='ocrx_word' id='word_1_18' title='bbox 1545 432 1697 469; x_wconf 85' lang='lat' dir='ltr'><strong>causa,</strong></span> <span class='ocrx_word' id='word_1_19' title='bbox 1728 427 1776 459; x_wconf 87' lang='lat' dir='ltr'><strong>ut</strong></span> 
     </span>
     <span class='ocr_line' id='line_1_4' title="bbox 340 493 1775 550; baseline 0.002 -18"><span class='ocrx_word' id='word_1_20' title='bbox 340 507 469 547; x_wconf 84' lang='lat' dir='ltr'><strong>supra</strong></span> <span class='ocrx_word' id='word_1_21' title='bbox 484 493 595 544; x_wconf 85' lang='lat' dir='ltr'>dixi,</span> <span class='ocrx_word' id='word_1_22' title='bbox 621 495 764 534; x_wconf 84' lang='lat' dir='ltr'><strong>omnia</strong></span> <span class='ocrx_word' id='word_1_23' title='bbox 782 495 925 547; x_wconf 81' lang='lat' dir='ltr'><strong>poesis</strong></span> <span class='ocrx_word' id='word_1_24' title='bbox 945 508 1105 548; x_wconf 85' lang='lat' dir='ltr'><strong>genera</strong></span> <span class='ocrx_word' id='word_1_25' title='bbox 1130 494 1401 550; x_wconf 85' lang='lat' dir='ltr'><strong>complexum</strong></span> <span class='ocrx_word' id='word_1_26' title='bbox 1418 496 1591 543; x_wconf 83' lang='lat' dir='ltr'><strong>statuit3</strong></span> <span class='ocrx_word' id='word_1_27' title='bbox 1621 495 1775 535; x_wconf 86' lang='lat' dir='ltr'><strong>deinde</strong></span> 
     </span>
     <span class='ocr_line' id='line_1_5' title="bbox 342 569 1775 627; baseline 0.003 -19"><span class='ocrx_word' id='word_1_28' title='bbox 342 571 454 624; x_wconf 88' lang='lat' dir='ltr'><strong>quod</strong></span> <span class='ocrx_word' id='word_1_29' title='bbox 483 578 613 611; x_wconf 81' lang='lat' dir='ltr'><strong>vastae</strong></span> <span class='ocrx_word' id='word_1_30' title='bbox 643 578 686 610; x_wconf 88' lang='lat' dir='ltr'><strong>et</strong></span> <span class='ocrx_word' id='word_1_31' title='bbox 700 569 797 609; x_wconf 83' lang='lat' dir='ltr'><strong>latae</strong></span> <span class='ocrx_word' id='word_1_32' title='bbox 816 569 1068 611; x_wconf 83' lang='lat' dir='ltr'><strong>eruditionis</strong></span> <span class='ocrx_word' id='word_1_33' title='bbox 1098 586 1205 627; x_wconf 91' lang='lat' dir='ltr'><strong>opus</strong></span> <span class='ocrx_word' id='word_1_34' title='bbox 1234 571 1440 627; x_wconf 86' lang='lat' dir='ltr'><strong>appellat,</strong></span> <span class='ocrx_word' id='word_1_35' title='bbox 1468 580 1584 613; x_wconf 88' lang='lat' dir='ltr'><strong>recte</strong></span> <span class='ocrx_word' id='word_1_36' title='bbox 1614 573 1775 613; x_wconf 88' lang='lat' dir='ltr'><strong>sentire</strong></span> 
     </span>
     <span class='ocr_line' id='line_1_6' title="bbox 342 645 1777 704; baseline 0.002 -18"><span class='ocrx_word' id='word_1_37' title='bbox 342 646 525 695; x_wconf 86' lang='lat' dir='ltr'><strong>videtur,</strong></span> <span class='ocrx_word' id='word_1_38' title='bbox 549 647 600 695; x_wconf 88' lang='lat' dir='ltr'><strong>si,</strong></span> <span class='ocrx_word' id='word_1_39' title='bbox 622 647 807 700; x_wconf 86' lang='lat' dir='ltr'><strong>primum</strong></span> <span class='ocrx_word' id='word_1_40' title='bbox 830 645 919 686; x_wconf 85' lang='lat' dir='ltr'><strong>illis</strong></span> <span class='ocrx_word' id='word_1_41' title='bbox 944 645 1103 687; x_wconf 88' lang='lat' dir='ltr'><strong>finibus</strong></span> <span class='ocrx_word' id='word_1_42' title='bbox 1123 650 1365 703; x_wconf 86' lang='lat' dir='ltr'><strong>argumenti</strong></span> <span class='ocrx_word' id='word_1_43' title='bbox 1388 650 1553 703; x_wconf 86' lang='lat' dir='ltr'><strong>positis,</strong></span> <span class='ocrx_word' id='word_1_44' title='bbox 1579 649 1680 704; x_wconf 87' lang='lat' dir='ltr'><strong>quid</strong></span> <span class='ocrx_word' id='word_1_45' title='bbox 1704 658 1777 689; x_wconf 86' lang='lat' dir='ltr'><strong>aut</strong></span> 
     </span>
     <span class='ocr_line' id='line_1_7' title="bbox 341 721 1778 780; baseline 0.003 -18"><span class='ocrx_word' id='word_1_46' title='bbox 341 736 420 762; x_wconf 88' lang='lat' dir='ltr'><strong>nos</strong></span> <span class='ocrx_word' id='word_1_47' title='bbox 452 731 525 763; x_wconf 81' lang='lat' dir='ltr'><strong>aut</strong></span> <span class='ocrx_word' id='word_1_48' title='bbox 554 722 736 772; x_wconf 71' lang='lat' dir='ltr'><strong>fortasse</strong></span> <span class='ocrx_word' id='word_1_49' title='bbox 754 721 1082 764; x_wconf 81' lang='lat' dir='ltr'><strong>Alexandrinus</strong></span> <span class='ocrx_word' id='word_1_50' title='bbox 1110 723 1266 777; x_wconf 83' lang='lat' dir='ltr'><strong>aliquis</strong></span> <span class='ocrx_word' id='word_1_51' title='bbox 1287 726 1458 765; x_wconf 78' lang='lat' dir='ltr'><strong>criticus</strong></span> <span class='ocrx_word' id='word_1_52' title='bbox 1484 725 1778 780; x_wconf 81' lang='lat' dir='ltr'><strong>postulaturus</strong></span> 
     </span>
    </p>
   </div>
   <div class='ocr_carea' id='block_1_3' title="bbox 332 798 1784 1239">
    <p class='ocr_par' dir='ltr' id='par_1_3' title="bbox 332 798 1784 1239">
     <span class='ocr_line' id='line_1_8' title="bbox 342 798 1780 857; baseline 0.003 -19"><span class='ocrx_word' id='word_1_53' title='bbox 342 808 472 849; x_wconf 83' lang='lat' dir='ltr'><strong>esset,</strong></span> <span class='ocrx_word' id='word_1_54' title='bbox 495 800 748 853; x_wconf 81' lang='lat' dir='ltr'><strong>quaerimus;</strong></span> <span class='ocrx_word' id='word_1_55' title='bbox 789 798 1043 840; x_wconf 74' lang='lat' dir='ltr'><strong>Latinorum</strong></span> <span class='ocrx_word' id='word_1_56' title='bbox 1074 799 1249 855; x_wconf 77' lang='lat' dir='ltr'><strong>illorum</strong></span> <span class='ocrx_word' id='word_1_57' title='bbox 1277 800 1565 841; x_wconf 83' lang='lat' dir='ltr'>didascalicon</span> <span class='ocrx_word' id='word_1_58' title='bbox 1598 803 1780 857; x_wconf 73' lang='lat' dir='ltr'><strong>scriptor</strong></span> 
     </span>
     <span class='ocr_line' id='line_1_9' title="bbox 344 875 1780 933; baseline 0.001 -17"><span class='ocrx_word' id='word_1_59' title='bbox 344 891 470 931; x_wconf 80' lang='lat' dir='ltr'><strong>quam</strong></span> <span class='ocrx_word' id='word_1_60' title='bbox 481 875 568 916; x_wconf 84' lang='lat' dir='ltr'><strong>late</strong></span> <span class='ocrx_word' id='word_1_61' title='bbox 581 884 792 931; x_wconf 83' lang='lat' dir='ltr'><strong>evagatus</strong></span> <span class='ocrx_word' id='word_1_62' title='bbox 806 878 877 927; x_wconf 78' lang='lat' dir='ltr'><strong>sit,</strong></span> <span class='ocrx_word' id='word_1_63' title='bbox 907 892 1032 932; x_wconf 84' lang='lat' dir='ltr'><strong>quam</strong></span> <span class='ocrx_word' id='word_1_64' title='bbox 1054 891 1234 932; x_wconf 89' lang='lat' dir='ltr'><strong>operose</strong></span> <span class='ocrx_word' id='word_1_65' title='bbox 1247 879 1291 917; x_wconf 91' lang='lat' dir='ltr'><strong>in</strong></span> <span class='ocrx_word' id='word_1_66' title='bbox 1307 877 1480 933; x_wconf 85' lang='lat' dir='ltr'><strong>singula</strong></span> <span class='ocrx_word' id='word_1_67' title='bbox 1492 879 1780 932; x_wconf 82' lang='lat' dir='ltr'><strong>inquisiverit,</strong></span> 
     </span>
     <span class='ocr_line' id='line_1_10' title="bbox 343 951 1778 1008; baseline 0.001 -14"><span class='ocrx_word' id='word_1_68' title='bbox 343 954 572 994; x_wconf 83' lang='lat' dir='ltr'><strong>nescimus.</strong></span> <span class='ocrx_word' id='word_1_69' title='bbox 625 951 738 993; x_wconf 85' lang='lat' dir='ltr'><strong>Nam</strong></span> <span class='ocrx_word' id='word_1_70' title='bbox 751 953 862 1008; x_wconf 87' lang='lat' dir='ltr'><strong>quod</strong></span> <span class='ocrx_word' id='word_1_71' title='bbox 876 967 1043 995; x_wconf 74' lang='lat' dir='ltr'><em>summae</em></span> <span class='ocrx_word' id='word_1_72' title='bbox 1058 968 1141 1008; x_wconf 83' lang='lat' dir='ltr'><strong>pro</strong></span> <span class='ocrx_word' id='word_1_73' title='bbox 1160 955 1240 994; x_wconf 67' lang='lat' dir='ltr'><strong>illa</strong></span> <span class='ocrx_word' id='word_1_74' title='bbox 1261 960 1390 995; x_wconf 79' lang='lat' dir='ltr'><strong>(elale</strong></span> <span class='ocrx_word' id='word_1_75' title='bbox 1401 955 1607 995; x_wconf 66' lang='lat' dir='ltr'><strong>doctrinae</strong></span> <span class='ocrx_word' id='word_1_76' title='bbox 1620 954 1778 996; x_wconf 88' lang='lat' dir='ltr'><strong>librum</strong></span> 
     </span>
     <span class='ocr_line' id='line_1_11' title="bbox 343 1030 1781 1087; baseline 0 -16"><span class='ocrx_word' id='word_1_77' title='bbox 343 1030 479 1071; x_wconf 84' lang='lat' dir='ltr'><strong>fuisse</strong></span> <span class='ocrx_word' id='word_1_78' title='bbox 491 1031 609 1081; x_wconf 85' lang='lat' dir='ltr'><strong>dicit,</strong></span> <span class='ocrx_word' id='word_1_79' title='bbox 630 1037 672 1071; x_wconf 89' lang='lat' dir='ltr'><strong>et</strong></span> <span class='ocrx_word' id='word_1_80' title='bbox 686 1030 737 1070; x_wconf 91' lang='lat' dir='ltr'><strong>de</strong></span> <span class='ocrx_word' id='word_1_81' title='bbox 753 1030 872 1071; x_wconf 86' lang='lat' dir='ltr'><strong>chori</strong></span> <span class='ocrx_word' id='word_1_82' title='bbox 885 1030 1201 1086; x_wconf 81' lang='lat' dir='ltr'><strong>negligentiore</strong></span> <span class='ocrx_word' id='word_1_83' title='bbox 1212 1033 1296 1072; x_wconf 84' lang='lat' dir='ltr'><strong>iam</strong></span> <span class='ocrx_word' id='word_1_84' title='bbox 1309 1032 1420 1086; x_wconf 86' lang='lat' dir='ltr'><strong>apud</strong></span> <span class='ocrx_word' id='word_1_85' title='bbox 1435 1032 1683 1087; x_wconf 85' lang='lat' dir='ltr'><strong>Euripidem</strong></span> <span class='ocrx_word' id='word_1_86' title='bbox 1702 1046 1781 1072; x_wconf 87' lang='lat' dir='ltr'><strong>usu</strong></span> 
     </span>
     <span class='ocr_line' id='line_1_12' title="bbox 332 1106 1783 1163; baseline 0.001 -15"><span class='ocrx_word' id='word_1_87' title='bbox 332 1106 487 1156; x_wconf 70' lang='lat' dir='ltr'><strong>fusius·</strong></span> <span class='ocrx_word' id='word_1_88' title='bbox 514 1108 761 1162; x_wconf 88' lang='lat' dir='ltr'><strong>expositum</strong></span> <span class='ocrx_word' id='word_1_89' title='bbox 785 1107 934 1157; x_wconf 84' lang='lat' dir='ltr'><strong>fuisse,</strong></span> <span class='ocrx_word' id='word_1_90' title='bbox 965 1122 1089 1162; x_wconf 85' lang='lat' dir='ltr'><strong>quam</strong></span> <span class='ocrx_word' id='word_1_91' title='bbox 1117 1122 1194 1163; x_wconf 90' lang='lat' dir='ltr'><strong>pro</strong></span> <span class='ocrx_word' id='word_1_92' title='bbox 1227 1109 1339 1150; x_wconf 89' lang='lat' dir='ltr'><strong>Attii</strong></span> <span class='ocrx_word' id='word_1_93' title='bbox 1359 1111 1496 1150; x_wconf 85' lang='lat' dir='ltr'><strong>aetatis</strong></span> <span class='ocrx_word' id='word_1_94' title='bbox 1527 1109 1783 1159; x_wconf 87' lang='lat' dir='ltr'><strong>eruditione,</strong></span> 
     </span>
     <span class='ocr_line' id='line_1_13' title="bbox 347 1183 1784 1239; baseline 0.001 -15"><span class='ocrx_word' id='word_1_95' title='bbox 347 1199 472 1239; x_wconf 86' lang='lat' dir='ltr'><strong>quam</strong></span> <span class='ocrx_word' id='word_1_96' title='bbox 491 1184 578 1226; x_wconf 84' lang='lat' dir='ltr'><strong>late</strong></span> <span class='ocrx_word' id='word_1_97' title='bbox 599 1185 696 1226; x_wconf 84' lang='lat' dir='ltr'><strong>fusa</strong></span> <span class='ocrx_word' id='word_1_98' title='bbox 712 1185 842 1225; x_wconf 84' lang='lat' dir='ltr'><strong>fuerit</strong></span> <span class='ocrx_word' id='word_1_99' title='bbox 866 1183 944 1225; x_wconf 87' lang='lat' dir='ltr'><strong>illa</strong></span> <span class='ocrx_word' id='word_1_100' title='bbox 968 1184 1228 1239; x_wconf 84' lang='lat' dir='ltr'><strong>disputatio,</strong></span> <span class='ocrx_word' id='word_1_101' title='bbox 1257 1200 1342 1227; x_wconf 90' lang='lat' dir='ltr'><strong>non</strong></span> <span class='ocrx_word' id='word_1_102' title='bbox 1366 1194 1553 1234; x_wconf 80' lang='lat' dir='ltr'><strong>constat3</strong></span> <span class='ocrx_word' id='word_1_103' title='bbox 1581 1187 1784 1226; x_wconf 83' lang='lat' dir='ltr'><strong>doetrinae</strong></span> 
     </span>
    </p>
   </div>
   <div class='ocr_carea' id='block_1_4' title="bbox 388 1313 1793 2856">
    <p class='ocr_par' dir='ltr' id='par_1_4' title="bbox 436 1313 1791 1962">
     <span class='ocr_line' id='line_1_14' title="bbox 440 1313 1787 1361; baseline -0.001 -11"><span class='ocrx_word' id='word_1_104' title='bbox 440 1316 574 1350; x_wconf 81' lang='lat' dir='ltr'><strong>excidit</strong></span> <span class='ocrx_word' id='word_1_105' title='bbox 596 1315 688 1359; x_wconf 86' lang='lat' dir='ltr'><strong>(vid.</strong></span> <span class='ocrx_word' id='word_1_106' title='bbox 716 1326 848 1349; x_wconf 79' lang='lat' dir='ltr'><strong>comni.</strong></span> <span class='ocrx_word' id='word_1_107' title='bbox 877 1314 922 1347; x_wconf 85' lang='lat' dir='ltr'><strong>de</strong></span> <span class='ocrx_word' id='word_1_108' title='bbox 947 1313 1077 1348; x_wconf 85' lang='lat' dir='ltr'><strong>Ascon.</strong></span> <span class='ocrx_word' id='word_1_109' title='bbox 1107 1315 1133 1348; x_wconf 92' lang='lat' dir='ltr'><strong>l.</strong></span> <span class='ocrx_word' id='word_1_110' title='bbox 1161 1327 1180 1348; x_wconf 89' lang='lat' dir='ltr'><strong>c</strong></span> <span class='ocrx_word' id='word_1_111' title='bbox 1198 1316 1229 1357; x_wconf 74' lang='lat' dir='ltr'><strong>J,</strong></span> <span class='ocrx_word' id='word_1_112' title='bbox 1254 1315 1316 1359; x_wconf 88' lang='lat' dir='ltr'><strong>qui</strong></span> <span class='ocrx_word' id='word_1_113' title='bbox 1341 1316 1448 1350; x_wconf 83' lang='lat' dir='ltr'><strong>ludos</strong></span> <span class='ocrx_word' id='word_1_114' title='bbox 1463 1315 1605 1351; x_wconf 78' lang='lat' dir='ltr'><strong>votivos</strong></span> <span class='ocrx_word' id='word_1_115' title='bbox 1621 1315 1787 1361; x_wconf 86' lang='lat' dir='ltr'><strong>ipsorum</strong></span> 
     </span>
     <span class='ocr_line' id='line_1_15' title="bbox 441 1375 1788 1410; baseline 0 -1"><span class='ocrx_word' id='word_1_116' title='bbox 441 1377 636 1410; x_wconf 74' lang='lat' dir='ltr'><strong>eonsuium</strong></span> <span class='ocrx_word' id='word_1_117' title='bbox 672 1379 1021 1409; x_wconf 83' lang='lat' dir='ltr'><strong>commemorarent.</strong></span> <span class='ocrx_word' id='word_1_118' title='bbox 1077 1375 1119 1408; x_wconf 90' lang='lat' dir='ltr'><strong>Id</strong></span> <span class='ocrx_word' id='word_1_119' title='bbox 1154 1375 1220 1409; x_wconf 83' lang='lat' dir='ltr'><strong>alii</strong></span> <span class='ocrx_word' id='word_1_120' title='bbox 1254 1377 1449 1409; x_wconf 81' lang='lat' dir='ltr'><strong>consulum</strong></span> <span class='ocrx_word' id='word_1_121' title='bbox 1484 1375 1708 1410; x_wconf 82' lang='lat' dir='ltr'><strong>auctoritate</strong></span> <span class='ocrx_word' id='word_1_122' title='bbox 1731 1376 1788 1409; x_wconf 91' lang='lat' dir='ltr'><strong>in-</strong></span> 
     </span>
     <span class='ocr_line' id='line_1_16' title="bbox 436 1434 1787 1482; baseline 0 -12"><span class='ocrx_word' id='word_1_123' title='bbox 436 1435 609 1470; x_wconf 88' lang='lat' dir='ltr'><strong>stitutum</strong></span> <span class='ocrx_word' id='word_1_124' title='bbox 642 1436 870 1476; x_wconf 81' lang='lat' dir='ltr'><strong>narrabant,</strong></span> <span class='ocrx_word' id='word_1_125' title='bbox 904 1439 945 1468; x_wconf 91' lang='lat' dir='ltr'><strong>ut</strong></span> <span class='ocrx_word' id='word_1_126' title='bbox 980 1434 1110 1469; x_wconf 86' lang='lat' dir='ltr'><strong>Cicero</strong></span> <span class='ocrx_word' id='word_1_127' title='bbox 1148 1435 1185 1468; x_wconf 92' lang='lat' dir='ltr'><strong>in</strong></span> <span class='ocrx_word' id='word_1_128' title='bbox 1219 1440 1315 1470; x_wconf 85' lang='lat' dir='ltr'><strong>orat.</strong></span> <span class='ocrx_word' id='word_1_129' title='bbox 1348 1437 1393 1469; x_wconf 89' lang='lat' dir='ltr'><strong>de</strong></span> <span class='ocrx_word' id='word_1_130' title='bbox 1424 1437 1578 1482; x_wconf 87' lang='lat' dir='ltr'><strong>harusp.</strong></span> <span class='ocrx_word' id='word_1_131' title='bbox 1617 1448 1713 1481; x_wconf 84' lang='lat' dir='ltr'><strong>resp.</strong></span> <span class='ocrx_word' id='word_1_132' title='bbox 1751 1441 1787 1470; x_wconf 85' lang='lat' dir='ltr'><strong>et</strong></span> 
     </span>
     <span class='ocr_line' id='line_1_17' title="bbox 443 1494 1787 1540; baseline 0 -10"><span class='ocrx_word' id='word_1_133' title='bbox 443 1496 510 1530; x_wconf 84' lang='lat' dir='ltr'><strong>alii</strong></span> <span class='ocrx_word' id='word_1_134' title='bbox 534 1497 632 1540; x_wconf 81' lang='lat' dir='ltr'><strong>apud</strong></span> <span class='ocrx_word' id='word_1_135' title='bbox 655 1495 736 1530; x_wconf 80' lang='lat' dir='ltr'><strong>Liv.</strong></span> <span class='ocrx_word' id='word_1_136' title='bbox 760 1496 931 1536; x_wconf 82' lang='lat' dir='ltr'>XXXIV,</span> <span class='ocrx_word' id='word_1_137' title='bbox 965 1495 1034 1537; x_wconf 76' lang='lat'><strong>54,</strong></span> <span class='ocrx_word' id='word_1_138' title='bbox 1061 1494 1107 1536; x_wconf 86' lang='lat'><strong>8,</strong></span> <span class='ocrx_word' id='word_1_139' title='bbox 1135 1495 1280 1536; x_wconf 82' lang='lat' dir='ltr'><strong>verius,</strong></span> <span class='ocrx_word' id='word_1_140' title='bbox 1307 1499 1348 1530; x_wconf 87' lang='lat' dir='ltr'><strong>ut</strong></span> <span class='ocrx_word' id='word_1_141' title='bbox 1372 1496 1540 1539; x_wconf 86' lang='lat' dir='ltr'><strong>videtur,</strong></span> <span class='ocrx_word' id='word_1_142' title='bbox 1567 1497 1633 1530; x_wconf 81' lang='lat' dir='ltr'><strong>alii</strong></span> <span class='ocrx_word' id='word_1_143' title='bbox 1659 1507 1787 1530; x_wconf 86' lang='lat' dir='ltr'><strong>censo-</strong></span> 
     </span>
     <span class='ocr_line' id='line_1_18' title="bbox 440 1555 1789 1600; baseline 0 -11"><span class='ocrx_word' id='word_1_144' title='bbox 440 1567 524 1589; x_wconf 84' lang='lat' dir='ltr'><strong>rum</strong></span> <span class='ocrx_word' id='word_1_145' title='bbox 558 1556 641 1589; x_wconf 86' lang='lat' dir='ltr'><strong>Sex.</strong></span> <span class='ocrx_word' id='word_1_146' title='bbox 679 1555 769 1589; x_wconf 81' lang='lat' dir='ltr'><strong>AElii</strong></span> <span class='ocrx_word' id='word_1_147' title='bbox 799 1555 890 1588; x_wconf 81' lang='lat' dir='ltr'><strong>Paeti</strong></span> <span class='ocrx_word' id='word_1_148' title='bbox 919 1559 954 1588; x_wconf 90' lang='lat' dir='ltr'><strong>et</strong></span> <span class='ocrx_word' id='word_1_149' title='bbox 992 1556 1029 1588; x_wconf 86' lang='lat' dir='ltr'><strong>G.</strong></span> <span class='ocrx_word' id='word_1_150' title='bbox 1067 1555 1226 1589; x_wconf 82' lang='lat' dir='ltr'><strong>Cornelii</strong></span> <span class='ocrx_word' id='word_1_151' title='bbox 1252 1556 1405 1600; x_wconf 77' lang='lat' dir='ltr'><strong>Cethegi</strong></span> <span class='ocrx_word' id='word_1_152' title='bbox 1427 1557 1523 1599; x_wconf 77' lang='lat' dir='ltr'>(mv.</span> <span class='ocrx_word' id='word_1_153' title='bbox 1553 1558 1719 1598; x_wconf 84' lang='lat' dir='ltr'>XXXIV,</span> <span class='ocrx_word' id='word_1_154' title='bbox 1744 1557 1789 1590; x_wconf 68' lang='lat'><strong>44</strong></span> 
     </span>
     <span class='ocr_line' id='line_1_19' title="bbox 444 1615 1788 1660; baseline 0 -10"><span class='ocrx_word' id='word_1_155' title='bbox 444 1621 480 1650; x_wconf 86' lang='lat' dir='ltr'><strong>et</strong></span> <span class='ocrx_word' id='word_1_156' title='bbox 507 1615 680 1650; x_wconf 83' lang='lat' dir='ltr'><strong>Valerius</strong></span> <span class='ocrx_word' id='word_1_157' title='bbox 704 1615 866 1658; x_wconf 81' lang='lat' dir='ltr'><strong>Antias).</strong></span> <span class='ocrx_word' id='word_1_158' title='bbox 922 1615 1002 1648; x_wconf 86' lang='lat' dir='ltr'><strong>Iam</strong></span> <span class='ocrx_word' id='word_1_159' title='bbox 1028 1615 1091 1658; x_wconf 88' lang='lat' dir='ltr'><strong>qui</strong></span> <span class='ocrx_word' id='word_1_160' title='bbox 1120 1615 1193 1649; x_wconf 86' lang='lat' dir='ltr'><strong>hoc</strong></span> <span class='ocrx_word' id='word_1_161' title='bbox 1222 1626 1318 1650; x_wconf 82' lang='lat' dir='ltr'><strong>anno</strong></span> <span class='ocrx_word' id='word_1_162' title='bbox 1337 1616 1476 1660; x_wconf 88' lang='lat' dir='ltr'><strong>primos</strong></span> <span class='ocrx_word' id='word_1_163' title='bbox 1494 1618 1601 1650; x_wconf 89' lang='lat' dir='ltr'><strong>ludos</strong></span> <span class='ocrx_word' id='word_1_164' title='bbox 1626 1616 1788 1651; x_wconf 82' lang='lat' dir='ltr'><strong>scenicos</strong></span> 
     </span>
     <span class='ocr_line' id='line_1_20' title="bbox 441 1675 1788 1722; baseline -0.001 -11"><span class='ocrx_word' id='word_1_165' title='bbox 441 1681 542 1711; x_wconf 80' lang='lat' dir='ltr'><strong>actos</strong></span> <span class='ocrx_word' id='word_1_166' title='bbox 568 1687 715 1717; x_wconf 87' lang='lat' dir='ltr'><strong>errore,</strong></span> <span class='ocrx_word' id='word_1_167' title='bbox 740 1679 782 1709; x_wconf 87' lang='lat' dir='ltr'><strong>ut</strong></span> <span class='ocrx_word' id='word_1_168' title='bbox 806 1675 903 1716; x_wconf 85' lang='lat' dir='ltr'><strong>dixi,</strong></span> <span class='ocrx_word' id='word_1_169' title='bbox 938 1675 1161 1717; x_wconf 83' lang='lat' dir='ltr'><strong>credebant,</strong></span> <span class='ocrx_word' id='word_1_170' title='bbox 1198 1687 1281 1710; x_wconf 82' lang='lat' dir='ltr'><strong>eam</strong></span> <span class='ocrx_word' id='word_1_171' title='bbox 1300 1688 1379 1710; x_wconf 86' lang='lat' dir='ltr'><strong>reru</strong></span> <span class='ocrx_word' id='word_1_172' title='bbox 1401 1676 1677 1722; x_wconf 81' lang='lat' dir='ltr'><strong>coniungebant</strong></span> <span class='ocrx_word' id='word_1_173' title='bbox 1703 1689 1788 1710; x_wconf 85' lang='lat' dir='ltr'><strong>cum</strong></span> 
     </span>
     <span class='ocr_line' id='line_1_21' title="bbox 440 1735 1790 1783; baseline 0.001 -13"><span class='ocrx_word' id='word_1_174' title='bbox 440 1737 598 1782; x_wconf 84' lang='lat' dir='ltr'><strong>Cethegi</strong></span> <span class='ocrx_word' id='word_1_175' title='bbox 610 1736 770 1770; x_wconf 90' lang='lat' dir='ltr'><strong>nomine.</strong></span> <span class='ocrx_word' id='word_1_176' title='bbox 825 1735 1079 1769; x_wconf 77' lang='lat' dir='ltr'><strong>tlinofactum</strong></span> <span class='ocrx_word' id='word_1_177' title='bbox 1093 1761 1103 1777; x_wconf 90' lang='lat'><strong>,</strong></span> <span class='ocrx_word' id='word_1_178' title='bbox 1127 1739 1168 1770; x_wconf 88' lang='lat' dir='ltr'><strong>ut</strong></span> <span class='ocrx_word' id='word_1_179' title='bbox 1180 1736 1216 1770; x_wconf 94' lang='lat' dir='ltr'><strong>in</strong></span> <span class='ocrx_word' id='word_1_180' title='bbox 1228 1735 1344 1780; x_wconf 80' lang='lat' dir='ltr'><strong>ipsius</strong></span> <span class='ocrx_word' id='word_1_181' title='bbox 1357 1737 1396 1770; x_wconf 85' lang='lat' dir='ltr'><strong>C.</strong></span> <span class='ocrx_word' id='word_1_182' title='bbox 1409 1737 1572 1770; x_wconf 82' lang='lat' dir='ltr'><strong>Cornelii</strong></span> <span class='ocrx_word' id='word_1_183' title='bbox 1585 1737 1742 1783; x_wconf 83' lang='lat' dir='ltr'><strong>Cethegi</strong></span> <span class='ocrx_word' id='word_1_184' title='bbox 1753 1741 1790 1772; x_wconf 80' lang='lat' dir='ltr'><strong>et</strong></span> 
     </span>
     <span class='ocr_line' id='line_1_22' title="bbox 440 1796 1791 1841; baseline 0 -10"><span class='ocrx_word' id='word_1_185' title='bbox 440 1799 485 1841; x_wconf 78' lang='lat' dir='ltr'><strong>Q.</strong></span> <span class='ocrx_word' id='word_1_186' title='bbox 512 1797 669 1831; x_wconf 85' lang='lat' dir='ltr'><strong>Minucii</strong></span> <span class='ocrx_word' id='word_1_187' title='bbox 699 1797 787 1831; x_wconf 84' lang='lat' dir='ltr'><strong>Rufi</strong></span> <span class='ocrx_word' id='word_1_188' title='bbox 821 1797 1055 1830; x_wconf 76' lang='lat' dir='ltr'><strong>consulatum</strong></span> <span class='ocrx_word' id='word_1_189' title='bbox 1081 1807 1114 1830; x_wconf 86' lang='lat' dir='ltr'><strong>a.</strong></span> <span class='ocrx_word' id='word_1_190' title='bbox 1140 1796 1209 1831; x_wconf 83' lang='lat'><strong>557</strong></span> <span class='ocrx_word' id='word_1_191' title='bbox 1240 1808 1268 1830; x_wconf 85' lang='lat' dir='ltr'><strong>s.</strong></span> <span class='ocrx_word' id='word_1_192' title='bbox 1294 1797 1361 1831; x_wconf 79' lang='lat'><strong>197</strong></span> <span class='ocrx_word' id='word_1_193' title='bbox 1385 1798 1651 1831; x_wconf 77' lang='lat' dir='ltr'><strong>transferretur</strong></span> <span class='ocrx_word' id='word_1_194' title='bbox 1675 1809 1791 1831; x_wconf 83' lang='lat' dir='ltr'><strong>scenae</strong></span> 
     </span>
     <span class='ocr_line' id='line_1_23' title="bbox 441 1856 1789 1902; baseline 0.001 -12"><span class='ocrx_word' id='word_1_195' title='bbox 441 1857 571 1902; x_wconf 67' lang='lat' dir='ltr'><strong>origo,</strong></span> <span class='ocrx_word' id='word_1_196' title='bbox 595 1862 636 1892; x_wconf 88' lang='lat' dir='ltr'><strong>ut</strong></span> <span class='ocrx_word' id='word_1_197' title='bbox 660 1858 706 1891; x_wconf 82' lang='lat' dir='ltr'><strong>ab</strong></span> <span class='ocrx_word' id='word_1_198' title='bbox 734 1857 835 1891; x_wconf 86' lang='lat' dir='ltr'><strong>Attio</strong></span> <span class='ocrx_word' id='word_1_199' title='bbox 860 1858 1002 1890; x_wconf 79' lang='lat' dir='ltr'><strong>factum</strong></span> <span class='ocrx_word' id='word_1_200' title='bbox 1027 1856 1214 1898; x_wconf 84' lang='lat' dir='ltr'><strong>videmus,</strong></span> <span class='ocrx_word' id='word_1_201' title='bbox 1254 1867 1366 1902; x_wconf 88' lang='lat' dir='ltr'><strong>quum</strong></span> <span class='ocrx_word' id='word_1_202' title='bbox 1394 1857 1594 1902; x_wconf 84' lang='lat' dir='ltr'><strong>praesertim</strong></span> <span class='ocrx_word' id='word_1_203' title='bbox 1624 1869 1667 1891; x_wconf 90' lang='lat' dir='ltr'><strong>eo</strong></span> <span class='ocrx_word' id='word_1_204' title='bbox 1693 1869 1789 1891; x_wconf 80' lang='lat' dir='ltr'><strong>anno</strong></span> 
     </span>
     <span class='ocr_line' id='line_1_24' title="bbox 442 1917 1787 1962; baseline 0.001 -12"><span class='ocrx_word' id='word_1_205' title='bbox 442 1917 523 1950; x_wconf 89' lang='lat' dir='ltr'><strong>ludi</strong></span> <span class='ocrx_word' id='word_1_206' title='bbox 548 1918 711 1951; x_wconf 87' lang='lat' dir='ltr'><strong>Romani</strong></span> <span class='ocrx_word' id='word_1_207' title='bbox 743 1917 1060 1961; x_wconf 78' lang='lat' dir='ltr'><strong>magnificentius,</strong></span> <span class='ocrx_word' id='word_1_208' title='bbox 1099 1928 1204 1960; x_wconf 82' lang='lat' dir='ltr'><strong>quam</strong></span> <span class='ocrx_word' id='word_1_209' title='bbox 1228 1918 1343 1958; x_wconf 74' lang='lat' dir='ltr'><strong>alias,</strong></span> <span class='ocrx_word' id='word_1_210' title='bbox 1377 1919 1478 1959; x_wconf 79' lang='lat' dir='ltr'><strong>sacti</strong></span> <span class='ocrx_word' id='word_1_211' title='bbox 1503 1921 1537 1950; x_wconf 83' lang='lat' dir='ltr'><strong>et</strong></span> <span class='ocrx_word' id='word_1_212' title='bbox 1561 1917 1681 1951; x_wconf 80' lang='lat' dir='ltr'><strong>loetius</strong></span> <span class='ocrx_word' id='word_1_213' title='bbox 1705 1929 1787 1962; x_wconf 82' lang='lat' dir='ltr'><strong>spe-</strong></span> 
     </span>
    </p>

    <p class='ocr_par' dir='ltr' id='par_1_5' title="bbox 388 1969 1793 2856">
     <span class='ocr_line' id='line_1_25' title="bbox 388 1969 1788 2022; baseline 0 -12"><span class='ocrx_word' id='word_1_214' title='bbox 388 1969 391 1973; x_wconf 40' lang='lat'><em>*</em></span> <span class='ocrx_word' id='word_1_215' title='bbox 443 1978 537 2010; x_wconf 80' lang='lat' dir='ltr'><strong>etati</strong></span> <span class='ocrx_word' id='word_1_216' title='bbox 558 1978 693 2022; x_wconf 80' lang='lat' dir='ltr'><strong>totique</strong></span> <span class='ocrx_word' id='word_1_217' title='bbox 719 1982 775 2011; x_wconf 84' lang='lat' dir='ltr'><strong>ter</strong></span> <span class='ocrx_word' id='word_1_218' title='bbox 798 1977 997 2010; x_wconf 78' lang='lat' dir='ltr'><strong>instaurati</strong></span> <span class='ocrx_word' id='word_1_219' title='bbox 1020 1980 1141 2010; x_wconf 84' lang='lat' dir='ltr'><strong>essent</strong></span> <span class='ocrx_word' id='word_1_220' title='bbox 1167 1976 1265 2017; x_wconf 81' lang='lat' dir='ltr'><strong>(Liv.</strong></span> <span class='ocrx_word' id='word_1_221' title='bbox 1290 1979 1462 2019; x_wconf 74' lang='lat' dir='ltr'><strong>xxxin,</strong></span> <span class='ocrx_word' id='word_1_222' title='bbox 1485 1977 1562 2019; x_wconf 84' lang='lat'><strong>25).</strong></span> <span class='ocrx_word' id='word_1_223' title='bbox 1619 1977 1788 2022; x_wconf 85' lang='lat' dir='ltr'><strong>Denique</strong></span> 
     </span>
     <span class='ocr_line' id='line_1_26' title="bbox 444 2034 1790 2090; baseline 0 -18"><span class='ocrx_word' id='word_1_224' title='bbox 444 2049 478 2072; x_wconf 81' lang='lat' dir='ltr'><strong>a.</strong></span> <span class='ocrx_word' id='word_1_225' title='bbox 505 2037 574 2072; x_wconf 81' lang='lat'><strong>563</strong></span> <span class='ocrx_word' id='word_1_226' title='bbox 597 2050 625 2072; x_wconf 82' lang='lat' dir='ltr'><strong>s.</strong></span> <span class='ocrx_word' id='word_1_227' title='bbox 652 2037 734 2079; x_wconf 86' lang='lat'><strong>191,</strong></span> <span class='ocrx_word' id='word_1_228' title='bbox 760 2049 874 2082; x_wconf 88' lang='lat' dir='ltr'><strong>quum</strong></span> <span class='ocrx_word' id='word_1_229' title='bbox 901 2036 1083 2080; x_wconf 77' lang='lat' dir='ltr'><strong>templum</strong></span> <span class='ocrx_word' id='word_1_230' title='bbox 1104 2036 1237 2070; x_wconf 83' lang='lat' dir='ltr'><strong>Matris</strong></span> <span class='ocrx_word' id='word_1_231' title='bbox 1262 2037 1361 2070; x_wconf 72' lang='lat' dir='ltr'>111aeae</span> <span class='ocrx_word' id='word_1_232' title='bbox 1374 2034 1621 2078; x_wconf 77' lang='lat' dir='ltr'><strong>dedicaretur,</strong></span> <span class='ocrx_word' id='word_1_233' title='bbox 1644 2038 1790 2090; x_wconf 72' lang='lat' dir='ltr'><strong>magni-</strong></span> 
     </span>
     <span class='ocr_line' id='line_1_27' title="bbox 442 2095 1790 2142; baseline 0 -11"><span class='ocrx_word' id='word_1_234' title='bbox 442 2097 612 2132; x_wconf 82' lang='lat' dir='ltr'><strong>ficentius</strong></span> <span class='ocrx_word' id='word_1_235' title='bbox 626 2098 705 2132; x_wconf 86' lang='lat' dir='ltr'><strong>sine</strong></span> <span class='ocrx_word' id='word_1_236' title='bbox 721 2097 834 2132; x_wconf 86' lang='lat' dir='ltr'><strong>dubio</strong></span> <span class='ocrx_word' id='word_1_237' title='bbox 854 2097 932 2130; x_wconf 86' lang='lat' dir='ltr'><strong>eius</strong></span> <span class='ocrx_word' id='word_1_238' title='bbox 951 2096 1032 2130; x_wconf 78' lang='lat' dir='ltr'><strong>ludi</strong></span> <span class='ocrx_word' id='word_1_239' title='bbox 1057 2096 1148 2131; x_wconf 82' lang='lat' dir='ltr'><strong>facti</strong></span> <span class='ocrx_word' id='word_1_240' title='bbox 1165 2100 1272 2138; x_wconf 83' lang='lat' dir='ltr'><strong>sunt3</strong></span> <span class='ocrx_word' id='word_1_241' title='bbox 1298 2096 1423 2140; x_wconf 82' lang='lat' dir='ltr'><strong>itaque</strong></span> <span class='ocrx_word' id='word_1_242' title='bbox 1445 2095 1611 2139; x_wconf 81' lang='lat' dir='ltr'><strong>fuerunt,</strong></span> <span class='ocrx_word' id='word_1_243' title='bbox 1631 2097 1693 2142; x_wconf 86' lang='lat' dir='ltr'><strong>qui</strong></span> <span class='ocrx_word' id='word_1_244' title='bbox 1718 2098 1790 2132; x_wconf 87' lang='lat' dir='ltr'><strong>hoe</strong></span> 
     </span>
     <span class='ocr_line' id='line_1_28' title="bbox 445 2151 1792 2198; baseline 0 -7"><span class='ocrx_word' id='word_1_245' title='bbox 445 2159 596 2192; x_wconf 86' lang='lat' dir='ltr'><strong>demum</strong></span> <span class='ocrx_word' id='word_1_246' title='bbox 637 2169 733 2193; x_wconf 85' lang='lat' dir='ltr'><strong>anno</strong></span> <span class='ocrx_word' id='word_1_247' title='bbox 768 2151 953 2192; x_wconf 77' lang='lat' dir='ltr'><strong>scenieam</strong></span> <span class='ocrx_word' id='word_1_248' title='bbox 990 2156 1174 2190; x_wconf 81' lang='lat' dir='ltr'><strong>actionem</strong></span> <span class='ocrx_word' id='word_1_249' title='bbox 1209 2157 1377 2191; x_wconf 79' lang='lat' dir='ltr'><strong>additam</strong></span> <span class='ocrx_word' id='word_1_250' title='bbox 1413 2157 1623 2198; x_wconf 84' lang='lat' dir='ltr'><strong>traderent,</strong></span> <span class='ocrx_word' id='word_1_251' title='bbox 1659 2157 1792 2191; x_wconf 87' lang='lat' dir='ltr'><strong>deinde</strong></span> 
     </span>
     <span class='ocr_line' id='line_1_29' title="bbox 448 2216 1788 2262; baseline -0.001 -11"><span class='ocrx_word' id='word_1_252' title='bbox 448 2229 511 2259; x_wconf 90' lang='lat' dir='ltr'><strong>eo,</strong></span> <span class='ocrx_word' id='word_1_253' title='bbox 541 2229 613 2262; x_wconf 87' lang='lat' dir='ltr'><strong>quo</strong></span> <span class='ocrx_word' id='word_1_254' title='bbox 637 2217 801 2258; x_wconf 82' lang='lat' dir='ltr'><strong>ostendi,</strong></span> <span class='ocrx_word' id='word_1_255' title='bbox 835 2228 983 2258; x_wconf 84' lang='lat' dir='ltr'><strong>errore,</strong></span> <span class='ocrx_word' id='word_1_256' title='bbox 1021 2217 1170 2256; x_wconf 83' lang='lat' dir='ltr'><strong>omnino</strong></span> <span class='ocrx_word' id='word_1_257' title='bbox 1195 2217 1266 2251; x_wconf 86' lang='lat' dir='ltr'><strong>hoc</strong></span> <span class='ocrx_word' id='word_1_258' title='bbox 1291 2227 1388 2250; x_wconf 76' lang='lat' dir='ltr'><strong>armo</strong></span> <span class='ocrx_word' id='word_1_259' title='bbox 1413 2216 1553 2260; x_wconf 85' lang='lat' dir='ltr'><strong>primos</strong></span> <span class='ocrx_word' id='word_1_260' title='bbox 1579 2218 1686 2251; x_wconf 80' lang='lat' dir='ltr'><strong>ludos</strong></span> <span class='ocrx_word' id='word_1_261' title='bbox 1711 2229 1788 2251; x_wconf 88' lang='lat' dir='ltr'><strong>sce-</strong></span> 
     </span>
     <span class='ocr_line' id='line_1_30' title="bbox 445 2275 1789 2318; baseline 0 -7"><span class='ocrx_word' id='word_1_262' title='bbox 445 2277 548 2311; x_wconf 85' lang='lat' dir='ltr'><strong>nicos</strong></span> <span class='ocrx_word' id='word_1_263' title='bbox 583 2281 707 2318; x_wconf 83' lang='lat' dir='ltr'><strong>actos,</strong></span> <span class='ocrx_word' id='word_1_264' title='bbox 741 2280 782 2310; x_wconf 87' lang='lat' dir='ltr'><strong>ut</strong></span> <span class='ocrx_word' id='word_1_265' title='bbox 817 2276 946 2310; x_wconf 81' lang='lat' dir='ltr'><strong>Antias</strong></span> <span class='ocrx_word' id='word_1_266' title='bbox 972 2275 1067 2316; x_wconf 78' lang='lat' dir='ltr'><strong>(Liv.</strong></span> <span class='ocrx_word' id='word_1_267' title='bbox 1095 2276 1270 2317; x_wconf 82' lang='lat' dir='ltr'>XXXVI,</span> <span class='ocrx_word' id='word_1_268' title='bbox 1303 2276 1379 2316; x_wconf 82' lang='lat'>36).</span> <span class='ocrx_word' id='word_1_269' title='bbox 1440 2276 1512 2310; x_wconf 87' lang='lat' dir='ltr'><strong>Sed</strong></span> <span class='ocrx_word' id='word_1_270' title='bbox 1540 2277 1667 2311; x_wconf 86' lang='lat' dir='ltr'><strong>eodem</strong></span> <span class='ocrx_word' id='word_1_271' title='bbox 1695 2288 1789 2311; x_wconf 84' lang='lat' dir='ltr'><strong>auno</strong></span> 
     </span>
     <span class='ocr_line' id='line_1_31' title="bbox 444 2335 1791 2381; baseline 0 -10"><span class='ocrx_word' id='word_1_272' title='bbox 444 2337 651 2371; x_wconf 81' lang='lat' dir='ltr'><strong>luventatis</strong></span> <span class='ocrx_word' id='word_1_273' title='bbox 685 2335 766 2369; x_wconf 88' lang='lat' dir='ltr'><strong>ludi</strong></span> <span class='ocrx_word' id='word_1_274' title='bbox 799 2335 912 2377; x_wconf 79' lang='lat' dir='ltr'><strong>faeti3</strong></span> <span class='ocrx_word' id='word_1_275' title='bbox 959 2335 1085 2381; x_wconf 79' lang='lat' dir='ltr'><strong>itaque</strong></span> <span class='ocrx_word' id='word_1_276' title='bbox 1122 2336 1167 2370; x_wconf 83' lang='lat' dir='ltr'><strong>ad</strong></span> <span class='ocrx_word' id='word_1_277' title='bbox 1204 2336 1271 2370; x_wconf 80' lang='lat' dir='ltr'><strong>hos</strong></span> <span class='ocrx_word' id='word_1_278' title='bbox 1304 2335 1403 2369; x_wconf 88' lang='lat' dir='ltr'><strong>idem</strong></span> <span class='ocrx_word' id='word_1_279' title='bbox 1437 2338 1684 2379; x_wconf 76' lang='lat' dir='ltr'><strong>translatum3</strong></span> <span class='ocrx_word' id='word_1_280' title='bbox 1719 2338 1791 2372; x_wconf 87' lang='lat' dir='ltr'><strong>hoc</strong></span> 
     </span>
     <span class='ocr_line' id='line_1_32' title="bbox 446 2395 1793 2441; baseline -0.001 -9"><span class='ocrx_word' id='word_1_281' title='bbox 446 2409 573 2433; x_wconf 84' lang='lat' dir='ltr'><strong>errore</strong></span> <span class='ocrx_word' id='word_1_282' title='bbox 598 2409 683 2431; x_wconf 88' lang='lat' dir='ltr'><strong>cum</strong></span> <span class='ocrx_word' id='word_1_283' title='bbox 708 2398 849 2437; x_wconf 78' lang='lat' dir='ltr'><strong>altero,</strong></span> <span class='ocrx_word' id='word_1_284' title='bbox 877 2407 986 2440; x_wconf 89' lang='lat' dir='ltr'><strong>quem</strong></span> <span class='ocrx_word' id='word_1_285' title='bbox 1011 2395 1164 2440; x_wconf 77' lang='lat' dir='ltr'><strong>exposui</strong></span> <span class='ocrx_word' id='word_1_286' title='bbox 1188 2397 1302 2441; x_wconf 83' lang='lat' dir='ltr'><strong>paulo</strong></span> <span class='ocrx_word' id='word_1_287' title='bbox 1328 2400 1425 2438; x_wconf 85' lang='lat' dir='ltr'><strong>ante,</strong></span> <span class='ocrx_word' id='word_1_288' title='bbox 1449 2396 1643 2431; x_wconf 89' lang='lat' dir='ltr'><strong>coniuncto</strong></span> <span class='ocrx_word' id='word_1_289' title='bbox 1672 2397 1793 2432; x_wconf 87' lang='lat' dir='ltr'><strong>oritur</strong></span> 
     </span>
     <span class='ocr_line' id='line_1_33' title="bbox 445 2455 1792 2494; baseline -0.001 0"><span class='ocrx_word' id='word_1_290' title='bbox 445 2463 526 2494; x_wconf 78' lang='lat' dir='ltr'><strong>tota</strong></span> <span class='ocrx_word' id='word_1_291' title='bbox 559 2458 650 2492; x_wconf 79' lang='lat' dir='ltr'><strong>Attii</strong></span> <span class='ocrx_word' id='word_1_292' title='bbox 685 2455 793 2491; x_wconf 82' lang='lat' dir='ltr'><strong>ratio.</strong></span> <span class='ocrx_word' id='word_1_293' title='bbox 864 2457 946 2490; x_wconf 78' lang='lat' dir='ltr'><strong>Non</strong></span> <span class='ocrx_word' id='word_1_294' title='bbox 981 2458 1063 2491; x_wconf 90' lang='lat' dir='ltr'><strong>dico</strong></span> <span class='ocrx_word' id='word_1_295' title='bbox 1101 2457 1200 2491; x_wconf 82' lang='lat' dir='ltr'><strong>hunc</strong></span> <span class='ocrx_word' id='word_1_296' title='bbox 1239 2468 1409 2490; x_wconf 86' lang='lat' dir='ltr'><strong>errorum</strong></span> <span class='ocrx_word' id='word_1_297' title='bbox 1444 2457 1614 2491; x_wconf 84' lang='lat' dir='ltr'><strong>ordinem</strong></span> <span class='ocrx_word' id='word_1_298' title='bbox 1649 2462 1792 2492; x_wconf 84' lang='lat' dir='ltr'><strong>certum</strong></span> 
     </span>
     <span class='ocr_line' id='line_1_34' title="bbox 449 2516 1789 2563; baseline -0.001 -10"><span class='ocrx_word' id='word_1_299' title='bbox 449 2529 549 2560; x_wconf 87' lang='lat' dir='ltr'><strong>esse,</strong></span> <span class='ocrx_word' id='word_1_300' title='bbox 588 2529 703 2562; x_wconf 86' lang='lat' dir='ltr'><strong>quum</strong></span> <span class='ocrx_word' id='word_1_301' title='bbox 736 2528 782 2551; x_wconf 85' lang='lat' dir='ltr'><strong>ne</strong></span> <span class='ocrx_word' id='word_1_302' title='bbox 805 2516 953 2550; x_wconf 79' lang='lat' dir='ltr'><strong>Livium</strong></span> <span class='ocrx_word' id='word_1_303' title='bbox 979 2517 1126 2562; x_wconf 85' lang='lat' dir='ltr'><strong>quidem</strong></span> <span class='ocrx_word' id='word_1_304' title='bbox 1155 2517 1304 2563; x_wconf 76' lang='lat' dir='ltr'><strong>singula</strong></span> <span class='ocrx_word' id='word_1_305' title='bbox 1329 2517 1406 2551; x_wconf 84' lang='lat' dir='ltr'><strong>sine</strong></span> <span class='ocrx_word' id='word_1_306' title='bbox 1432 2518 1650 2552; x_wconf 78' lang='lat' dir='ltr'><strong>confusione</strong></span> <span class='ocrx_word' id='word_1_307' title='bbox 1675 2519 1789 2553; x_wconf 83' lang='lat' dir='ltr'><strong>tradi-</strong></span> 
     </span>
     <span class='ocr_line' id='line_1_35' title="bbox 449 2577 1790 2624; baseline -0.001 -11"><span class='ocrx_word' id='word_1_308' title='bbox 449 2579 546 2614; x_wconf 86' lang='lat' dir='ltr'><strong>disse</strong></span> <span class='ocrx_word' id='word_1_309' title='bbox 570 2584 743 2623; x_wconf 71' lang='lat' dir='ltr'><strong>praestaro</strong></span> <span class='ocrx_word' id='word_1_310' title='bbox 772 2577 932 2623; x_wconf 80' lang='lat' dir='ltr'><strong>possim3</strong></span> <span class='ocrx_word' id='word_1_311' title='bbox 969 2579 1033 2612; x_wconf 85' lang='lat' dir='ltr'><strong>sed</strong></span> <span class='ocrx_word' id='word_1_312' title='bbox 1066 2582 1168 2624; x_wconf 84' lang='lat' dir='ltr'><strong>patet</strong></span> <span class='ocrx_word' id='word_1_313' title='bbox 1191 2589 1302 2612; x_wconf 75' lang='lat' dir='ltr'><strong>eausa</strong></span> <span class='ocrx_word' id='word_1_314' title='bbox 1327 2578 1488 2612; x_wconf 81' lang='lat' dir='ltr'><strong>errandi.</strong></span> <span class='ocrx_word' id='word_1_315' title='bbox 1525 2578 1790 2612; x_wconf 86' lang='lat' dir='ltr'><strong>Rccentiorum</strong></span> 
     </span>
     <span class='ocr_line' id='line_1_36' title="bbox 447 2637 1792 2685; baseline 0 -13"><span class='ocrx_word' id='word_1_316' title='bbox 447 2639 746 2685; x_wconf 77' lang='lat' dir='ltr'><strong>perturbationes</strong></span> <span class='ocrx_word' id='word_1_317' title='bbox 770 2637 882 2671; x_wconf 84' lang='lat' dir='ltr'><strong>huius</strong></span> <span class='ocrx_word' id='word_1_318' title='bbox 906 2637 961 2671; x_wconf 84' lang='lat' dir='ltr'><strong>rei</strong></span> <span class='ocrx_word' id='word_1_319' title='bbox 986 2638 1127 2674; x_wconf 87' lang='lat' dir='ltr'><strong>omitto.</strong></span> <span class='ocrx_word' id='word_1_320' title='bbox 1187 2640 1380 2679; x_wconf 71' lang='lat' dir='ltr'><strong>osannae,</strong></span> <span class='ocrx_word' id='word_1_321' title='bbox 1418 2649 1531 2684; x_wconf 89' lang='lat' dir='ltr'><strong>quum</strong></span> <span class='ocrx_word' id='word_1_322' title='bbox 1556 2643 1680 2673; x_wconf 80' lang='lat' dir='ltr'><strong>tamen</strong></span> <span class='ocrx_word' id='word_1_323' title='bbox 1707 2640 1792 2673; x_wconf 82' lang='lat' dir='ltr'><strong>data</strong></span> 
     </span>
     <span class='ocr_line' id='line_1_37' title="bbox 450 2697 1791 2744; baseline 0 -12"><span class='ocrx_word' id='word_1_324' title='bbox 450 2709 566 2744; x_wconf 74' lang='lat' dir='ltr'><strong>opera</strong></span> <span class='ocrx_word' id='word_1_325' title='bbox 589 2699 793 2733; x_wconf 86' lang='lat' dir='ltr'><strong>dissensum</strong></span> <span class='ocrx_word' id='word_1_326' title='bbox 813 2697 922 2732; x_wconf 83' lang='lat' dir='ltr'><strong>illum</strong></span> <span class='ocrx_word' id='word_1_327' title='bbox 948 2699 1041 2733; x_wconf 81' lang='lat' dir='ltr'><strong>Attii</strong></span> <span class='ocrx_word' id='word_1_328' title='bbox 1067 2703 1102 2734; x_wconf 88' lang='lat' dir='ltr'><strong>et</strong></span> <span class='ocrx_word' id='word_1_329' title='bbox 1127 2699 1313 2734; x_wconf 80' lang='lat' dir='ltr'><strong>Ciceronis</strong></span> <span class='ocrx_word' id='word_1_330' title='bbox 1341 2703 1541 2739; x_wconf 78' lang='lat' dir='ltr'><strong>tractaret,</strong></span> <span class='ocrx_word' id='word_1_331' title='bbox 1577 2702 1694 2733; x_wconf 85' lang='lat' dir='ltr'><strong>toturn</strong></span> <span class='ocrx_word' id='word_1_332' title='bbox 1720 2699 1791 2733; x_wconf 79' lang='lat' dir='ltr'><strong>hoc</strong></span> 
     </span>
     <span class='ocr_line' id='line_1_38' title="bbox 450 2758 1789 2805; baseline 0.001 -12"><span class='ocrx_word' id='word_1_333' title='bbox 450 2761 495 2793; x_wconf 81' lang='lat' dir='ltr'><strong>de</strong></span> <span class='ocrx_word' id='word_1_334' title='bbox 522 2760 619 2795; x_wconf 82' lang='lat' dir='ltr'><strong>ludis</strong></span> <span class='ocrx_word' id='word_1_335' title='bbox 647 2758 876 2805; x_wconf 80' lang='lat' dir='ltr'><strong>ignoravisse</strong></span> <span class='ocrx_word' id='word_1_336' title='bbox 905 2758 1071 2804; x_wconf 59' lang='lat' dir='ltr'><strong>videtum</strong></span> <span class='ocrx_word' id='word_1_337' title='bbox 1097 2761 1289 2797; x_wconf 77' lang='lat' dir='ltr'><strong>Dukerum</strong></span> <span class='ocrx_word' id='word_1_338' title='bbox 1314 2759 1430 2796; x_wconf 86' lang='lat' dir='ltr'><strong>miror</strong></span> <span class='ocrx_word' id='word_1_339' title='bbox 1458 2759 1691 2796; x_wconf 80' lang='lat' dir='ltr'><strong>ciceroniani</strong></span> <span class='ocrx_word' id='word_1_340' title='bbox 1716 2759 1789 2794; x_wconf 79' lang='lat' dir='ltr'><strong>ioci</strong></span> 
     </span>
     <span class='ocr_line' id='line_1_39' title="bbox 450 2819 942 2856; baseline 0.002 -2"><span class='ocrx_word' id='word_1_341' title='bbox 450 2820 632 2856; x_wconf 83' lang='lat' dir='ltr'><strong>rationem</strong></span> <span class='ocrx_word' id='word_1_342' title='bbox 663 2832 734 2856; x_wconf 88' lang='lat' dir='ltr'><strong>non</strong></span> <span class='ocrx_word' id='word_1_343' title='bbox 758 2819 942 2856; x_wconf 74' lang='lat' dir='ltr'><strong>habuisse.</strong></span> 
     </span>
    </p>
   </div>
  </div>
 </body>
</html>
