1981 3390
445 260 543 308 436

492 379 725 435 Explicata
757 380 949 421 codicum
983 381 1150 420 ratione
1184 382 1420 436 certisque,
1463 388 1509 420 ut
1543 381 1721 435 opinor,
1757 395 1822 422 ar—

371 459 590 514 gumentis
616 457 893 508 confirmata,
924 465 1117 512 apertum
1149 465 1239 508 est,
1271 459 1314 498 in
1348 457 1427 499 hac
1456 460 1650 499 oratione
1679 471 1825 498 emen-

371 536 513 577 danda
559 544 602 576 et
641 537 745 575 item
795 536 839 573 in
885 534 1098 587 proximis
1141 535 1286 575 omnia
1328 537 1513 589 primum
1556 536 1712 576 referri
1751 534 1824 575 de-

371 612 475 654 bere
523 612 576 653 ad
612 610 920 651 inveniendam
962 611 1236 650 contentione
1275 610 1391 652 facta
1432 612 1824 666 stabiliendamque

372 690 532 730 codicis
587 688 809 741 archetypi
860 687 1138 741 scripturam,
1190 694 1236 726 ut
1284 697 1358 727 aut
1415 702 1467 728 ea
1510 681 1706 743 ipsa'uti
1752 697 1826 728 aut

372 767 466 806 eius
515 765 669 805 deinde
718 764 943 818 vestigiis,
997 762 1166 818 reliqua
1221 764 1338 803 omni
1391 766 1645 805 auctoritate
1700 776 1824 819 sepo-

371 844 479 894 sita,
516 843 718 882 insistere
759 842 977 896 possimus
1016 840 1147 879 iniis
1187 838 1321 891 loeis,
1367 842 1440 895 qui
1484 842 1530 881 in
1561 840 1640 881 illo
1679 840 1825 880 codice

371 929 446 961 aut
484 919 714 961 manifesto
755 918 945 972 corrupti
973 916 1135 957 fuerint
1177 925 1251 957 aut
1289 916 1510 970 probabili
1550 925 1825 972 argumenta-

372 1000 491 1039 tione
522 996 921 1050 deprehendantur,
964 993 1161 1035 adhibito
1201 994 1363 1035 iudicio
1397 1004 1439 1035 et
1469 995 1664 1036 doctrina
1696 995 1827 1035 corri-

371 1075 541 1131 gendis.
610 1073 660 1114 In
702 1086 786 1127 quo
822 1072 999 1126 negotio
1038 1073 1178 1111 teneri
1206 1070 1360 1122 debet,
1394 1072 1507 1127 quod
1541 1080 1583 1113 et
1609 1071 1826 1127 exemplis

371 1152 538 1207 aliquot
579 1151 919 1190 demonstratum
961 1155 1026 1187 est
1059 1156 1101 1187 et
1137 1147 1285 1188 multis
1326 1148 1435 1189 locis
1472 1157 1624 1204 postea
1661 1150 1827 1204 perspi—

372 1230 534 1278 cietur,
581 1241 712 1283 quum
753 1226 913 1267 codicis
943 1224 1165 1279 archetypi
1197 1224 1402 1266 librarius
1431 1227 1474 1266 in
1504 1225 1725 1267 facillimis
1750 1239 1826 1266 no·

371 1306 637 1360 tissimisque
670 1301 818 1344 verbis
862 1315 977 1356 saepe
1010 1304 1247 1353 erraverit,
1288 1316 1375 1343 non
1407 1317 1502 1343 esse
1535 1303 1662 1342 nimis
1693 1301 1825 1356 longe

370 1381 628 1435 repetendas
671 1380 996 1421 emendationes
1050 1387 1125 1419 aut
1176 1381 1491 1436 excogitandas
1546 1378 1708 1434 ubique
1747 1393 1826 1433 per

375 1459 582 1514 ambages
617 1456 822 1499 mirificas
853 1470 1046 1497 errorum
1081 1457 1288 1510 origines.
1354 1458 1440 1499 Sed
1467 1466 1696 1512 antequam
1725 1455 1826 1495 hinc

371 1536 614 1584 discedam,
649 1534 920 1575 subiicienda
949 1542 1074 1584 sunt,
1108 1547 1200 1588 quae
1233 1549 1364 1591 supra
1393 1536 1597 1590 promisi,
1635 1534 1825 1588 disputa-

370 1615 502 1654 tionis
531 1611 816 1654 firmamenta.

1073 1809 1116 1863 1.

376 1946 698 2011 Comparatio
760 1945 950 1992 codice-'s
1007 1942 1323 1992 Parisiensis
1387 1949 1438 1989 et
1488 1942 1823 1990 Beruenslum

364 2052 461 2099 petj
500 2032 562 2081 12
591 2035 768 2099 prima
805 2035 982 2094 capita
1018 2032 1266 2080 orationis
1296 2044 1395 2091 pro
1433 2032 1623 2090 Sestio,
1668 2031 1824 2079 adno-

469 2123 596 2171 tatis
631 2139 821 2186 quoque
851 2122 1135 2180 nonnullz’8‚
1171 2137 1282 2184 quoe
1314 2120 1388 2166 ad
1422 2120 1554 2166 alios
1588 2119 1729 2167 codd.

535 2212 811 2272 pertinent,
843 2213 1005 2274 facta
1025 2211 1096 2258 ad
1114 2211 1186 2258 ed.
1214 2208 1372 2255 Orell.
1393 2209 1651 2256 maiorem.

540 2329 672 2368 (101).
705 2328 888 2371 PARIS.
1144 2328 1276 2367 COD.
1298 2327 1465 2366 BERN.
1491 2329 1530 2376 1,
1557 2332 1613 2375 et,
1635 2327 1703 2367 ubi
1724 2327 1821 2366 nihil

1202 2382 1430 2427 adnotatur,
1463 2382 1505 2419 2.

370 2463 416 2501 2.
448 2473 527 2498 om.
558 2459 655 2513 quia
687 2458 857 2508 (IIcrv.,
898 2458 1050 2509 Naug.,
1143 2457 1324 2494 silentur.

449 2515 499 2553 G.
520 2514 746 2565 Stephanus
766 2515 809 2551 in
827 2515 1049 2566 contextu).

371 2573 414 2611 4.
448 2582 622 2622 namque
1143 2566 1313 2619 namqui

371 2627 414 2665 6.
448 2624 510 2662 his
561 2624 813 2676 qravissimis
884 2622 1050 2672 (Hertz,
1141 2620 1390 2673 φγιυιζςείηιω

449 2679 579 2730 Naug.
614 2683 655 2716 ct
684 2677 826 2730 steph.
858 2679 1051 2729 φάυιέεἰ-

448 2748 536 2771 nus.

450 2737 608 2842 utre't)Juc
641 2800 776 2828 eorum
1143 2784 1302 2837 utrique
1353 2794 1486 2820 eorum
1528 2785 1572 2818 ut
1612 2781 1721 2830 (cod.
1769 2781 1816 2821 C.

1208 2837 1370 2891 steph„
1399 2837 1509 2876 On.
1541 2835 1592 2881 C,
1610 2836 1695 2889 ψ.)
