1981 3390
469 219 568 267 508

398 338 496 394 Ego
527 351 628 380 vero
659 351 748 380 eos
777 342 823 380 in
853 343 968 382 omni
983 338 1179 391 fortuna
1209 346 1289 383 etc.
1347 339 1403 381 Et
1428 354 1500 382 eos·
1523 349 1566 382 et
1586 340 1715 398 paulo
1747 351 1845 398 post

398 417 451 459 ab
484 421 562 468 iis,
610 431 720 466 non,
766 426 812 457 ut
845 417 1039 458 Orellius
1076 419 1201 469 fecit,
1244 418 1297 459 ab
1343 417 1410 459 Ιιίε
1442 418 1714 461 scribendum
1755 429 1845 468 est3

397 509 496 536 nam
529 495 581 535 de
614 494 898 548 praesentibus
931 494 1147 549 loquitur,
1190 497 1264 536 sed
1298 497 1383 546 ita,
1432 505 1479 537 ut
1518 497 1608 539 haec
1635 497 1688 538 ad
1718 511 1844 552 supe-

395 573 555 613 riorem
589 584 737 611 eorum
773 573 1223 612 commemorationem
1258 573 1513 615 referantur.

515 648 566 688 In
600 649 796 688 oratione
840 647 1041 688 Sestiana
1084 649 1353 689 emendanda
1395 652 1621 692 coniuncto
1654 652 1842 708 plerum·

396 740 478 781 que
522 726 770 765 testimonio
818 725 976 766 codicis
1025 726 1284 766 parisiensis
1334 734 1377 766 et
1417 724 1652 768 Bernensis
1688 731 1845 783 prioris

393 816 502 843 usus
531 816 650 852 sum,
690 803 762 856 qui
797 803 835 842 si
867 803 1035 857 quando
1065 801 1391 858 discrepabant,
1427 805 1522 857 ipsa
1554 819 1702 846 eorum
1742 819 1844 846 con-

395 882 530 920 tentio
566 880 759 921 veritatis
798 880 1180 935 investigationem
1220 880 1468 922 adiuvabat.
1525 881 1576 922 In
1607 882 1845 923 Vatiniana

395 967 561 999 tantum
588 956 751 997 selecta
793 957 952 997 codicis
993 955 1225 998 Beruensis
1259 960 1469 999 varietate
1509 967 1632 1010 utor,
1668 973 1762 1015 quae
1798 961 1843 999 in

395 1034 554 1076 Orellii
595 1034 785 1074 editione
828 1048 1006 1089 operum
1038 1033 1259 1076 Ciceronis
1289 1036 1495 1077 adnotata
1538 1045 1617 1077 est.
1682 1036 1844 1078 Contra

393 1114 531 1154 tertiae
562 1109 739 1151 familiae
772 1125 883 1152 unus
916 1126 995 1152 nec
1034 1110 1253 1166 perbonus
1294 1113 1356 1162 (in
1398 1112 1478 1154 hac
1513 1116 1730 1166 oratione)
1763 1128 1842 1155 nec

394 1199 537 1231 tamen
569 1186 745 1229 infimus
780 1189 943 1240 codex,
974 1189 1263 1240 Erfurtensis,
1309 1199 1507 1231 accurate
1548 1180 1732 1231 collatus
1763 1199 1844 1231 est.

393 1269 480 1311 Sed
522 1266 660 1308 codex
703 1266 990 1322 archetypus,
1041 1274 1246 1322 quantum
1293 1268 1466 1322 quidem
1504 1283 1564 1309 ex
1605 1268 1842 1308 parisiensi

393 1346 593 1396 conficio,
623 1342 918 1400 negligentius
950 1345 992 1384 in
1029 1344 1109 1385 hac
1137 1346 1332 1385 oratione
1364 1353 1406 1386 et
1436 1346 1713 1387 festinantius
1739 1347 1843 1386 scri-

389 1432 490 1478 ptus
522 1431 639 1473 erat,
674 1436 800 1477 quam
834 1423 878 1462 in
907 1423 1121 1464 Sestiana.

512 1500 562 1542 C.
594 1502 618 1541 l
636 1529 647 1551 ,
671 1501 699 1539 2
729 1514 807 1554 pro
824 1498 1111 1549 ferocitatem
1142 1505 1257 1541 tuam
1284 1504 1437 1552 istum,
1469 1500 1544 1542 ubi
1570 1501 1839 1543 incommode

390 1578 779 1620 demonstrativum
832 1578 877 1617 in
928 1587 1172 1618 extremum
1220 1577 1361 1619 locum
1405 1580 1625 1630 reiicitur,
1675 1593 1699 1619 e
1741 1578 1837 1619 Par.

389 1656 561 1711 (Herv.)
594 1654 804 1695 edendum
837 1662 910 1711 est,
921 1653 1209 1704 ferocitatem
1241 1657 1367 1695 istam
1397 1661 1513 1696 tuam
1536 1654 1591 1710 ¹).

510 1732 560 1774 C.
593 1735 643 1782 1,
676 1735 704 1773 3
737 1733 907 1773 videtur
949 1732 1030 1772 hoc
1071 1731 1345 1772 tribuendum
1381 1746 1476 1772 esse
1511 1733 1705 1773 codicum
1741 1745 1839 1772 con·

390 1812 561 1860 sensui',
607 1818 654 1849 ut
696 1809 956 1850 scribamus:
1000 1809 1078 1849 sed
1106 1810 1227 1849 nulla
1259 1822 1445 1864 uuquam
1477 1809 1530 1849 de
1562 1823 1634 1860 re,
1673 1808 1749 1850 ubi
1776 1818 1841 1850 est

389 1903 502 1930 nunc
533 1888 638 1937 ulla,
673 1901 758 1928 non
789 1902 893 1928 sane
938 1887 1149 1928 eiusmodi
1183 1886 1399 1941 exemplis
1433 1887 1555 1937 freti,
1599 1887 1837 1928 cuiusmodi

386 1966 651 2007 Garatonius
677 1966 836 2015 utitur,
880 1979 958 2005 nec
990 1964 1113 2016 aliis,
1157 1978 1250 2019 quae
1279 1973 1353 2004 aut
1380 1965 1432 2004 ad
1468 1963 1722 2006 Ciceronem
1752 1979 1837 2005 non

385 2046 605 2100 pertinent
637 2051 711 2083 aut
741 2044 1113 2083 coacervationem
1146 2042 1358 2097 quandam
1390 2044 1634 2097 negationis
1654 2057 1712 2083 ex
1735 2057 1838 2098 qno-

387 2123 549 2162 tidiano
592 2135 790 2161 sermone
824 2119 985 2160 habent
1025 2121 1090 2173 (ut
1124 2120 1251 2161 Verr.
1295 2120 1363 2170 11,
1406 2122 1486 2171 24,
1526 2122 1606 2170 60,
1648 2119 1721 2161 ubi
1760 2121 1836 2161 cfr.

388 2200 604 2253 Zumpt.);
646 2199 721 2239 sed
760 2197 937 2248 Cicero,
972 2212 1100 2253 quum
1140 2198 1266 2253 plura
1306 2200 1532 2239 interiecta
1569 2206 1713 2238 essent
1743 2206 1840 2253 post

388 2280 576 2333 priorem
610 2277 912 2330 negationem,
943 2284 1119 2330 propter
1145 2279 1394 2328 proximum
1426 2289 1508 2316 non
1540 2276 1661 2316 modo
1690 2275 1838 2315 intulit

386 2356 645 2395 contrarium
677 2354 754 2392 secl
780 2354 927 2401 nulla,
961 2352 1093 2391 simili
1125 2353 1385 2393 anacolutho
1417 2355 1524 2401 eius,
1559 2352 1669 2406 quod
1698 2360 1763 2391 est
1791 2353 1835 2391 in

385 2432 521 2474 Acad.
551 2430 650 2471 libr.
680 2428 744 2479 II,
784 2430 862 2478 29,
902 2428 978 2468 92:
1028 2427 1126 2467 Nec
1155 2427 1234 2468 leoc
1271 2432 1316 2467 in
1347 2441 1501 2467 acervo
1531 2432 1674 2467 tritici
1700 2429 1833 2469 solum

384 2533 439 2543 —
480 2509 557 2549 sed
598 2508 757 2548 nulla
800 2509 968 2545 omnino
1019 2508 1065 2544 in
1106 2518 1153 2544 re
1194 2509 1433 2545 minutatim
1476 2509 1741 2559 interrogati
1779 2528 1833 2537 -—

386 2593 546 2644 quanto
581 2591 656 2626 cml
688 2584 838 2625 addito
872 2588 948 2623 αιιί
979 2582 1145 2636 demplo
1181 2588 1338 2623 cerlum
1371 2583 1716 2636 respondeamus,
1749 2597 1833 2624 uon

407 2714 444 2756 ¹)
473 2712 596 2744 Verba
621 2710 670 2742 ad
705 2708 742 2740 id
777 2707 851 2741 iam
877 2705 1041 2740 oremus
1067 2706 1226 2739 delenda
1251 2717 1329 2739 esse
1355 2705 1549 2739 intellexit.
1616 2706 1832 2750 llervagius

473 2778 509 2805 et
546 2769 756 2815 Naugerius
788 2767 826 2802 in
863 2767 934 2801 hac
970 2778 1116 2811 quoque
1151 2767 1320 2801 oratione
1355 2766 1497 2810 aliquid
1533 2777 1575 2799 cx
1610 2766 1830 2800 melioribus

473 2832 578 2868 codd.
605 2832 866 2876 sumpserunt,
901 2826 1053 2868 iisdem,
1089 2838 1131 2862 cx
1154 2828 1287 2872 quibus
1312 2827 1522 2864 Sestianam
1548 2826 1827 2872 suppleverunt.
