1981 3390
1457 214 1522 263 57

91 341 94 345 ’
144 342 407 384 adiectivum
448 347 491 382 et
530 337 852 381 substantivum
887 336 1189 392 coniunget1).
1252 335 1310 380 Ut
1341 337 1454 376 enim
1484 334 1593 377 libe-

143 423 234 463 rior
273 428 339 461 est
369 421 414 460 in
447 426 645 459 veterum
675 429 875 458 sermone
916 430 941 456 a
978 416 1271 471 grammaticae
1309 412 1465 456 vinclis
1498 427 1595 453 ver-

142 496 296 538 borum
323 497 443 546 ordo,
491 509 618 551 quam
648 496 694 535 in
722 503 886 545 nostro,
924 495 1152 549 magisque
1185 492 1237 533 ad
1270 492 1452 533 dicentis
1483 489 1596 531 arbi-

144 576 275 615 trium
304 571 510 630 fingitur,
552 574 612 614 ita
643 586 792 614 rursus
831 574 1040 613 orationis
1073 584 1223 612 cursus
1258 568 1502 611 intervallis
1533 569 1597 609 di-

145 653 327 693 stinctus
360 653 500 707 magis
532 652 577 692 in
615 666 666 693 eo
702 653 892 692 eminere
931 659 973 691 et
1005 649 1178 691 facilius
1216 650 1368 690 sentiri
1401 649 1598 695 videtui-3

147 743 231 786 quo
271 744 402 785 quum
437 729 662 770 accederet
701 727 933 770 verborum
977 742 1054 782 per
1095 729 1238 768 varias
1279 728 1428 769 formae
1462 736 1600 768 muta-

148 808 290 848 tiones
334 807 649 848 declinatorum
696 815 770 846 aut
811 805 1048 846 similitudo
1096 806 1149 846 ad
1200 820 1253 846 ea
1296 805 1600 860 coniungenda

150 884 382 941 impellens
413 892 486 924 aut
515 882 823 924 dissimilitudo
859 883 911 922 ad
946 881 1240 932 distrahenda,
1274 896 1361 923 non
1396 881 1602 923 carebant

151 963 341 1017 antiqui,
391 962 465 1016 qui
505 961 656 1015 paucis
701 967 775 1000 aut
818 959 950 999 nullis
995 961 1206 1001 orationis
1243 960 1600 1015 interpungendae

148 1039 287 1093 signis
315 1036 572 1088 utebantur,
607 1051 710 1088 nec,
752 1039 788 1078 si
820 1039 887 1079 usi
918 1046 1090 1088 essent,
1127 1046 1174 1078 ut
1206 1052 1231 1078 a
1262 1037 1454 1078 librariis
1484 1046 1600 1078 recte

149 1130 321 1171 semper
358 1123 648 1171 ponerentur,
691 1113 861 1157 efficere
894 1117 1162 1171 potuissent,
1197 1115 1385 1156 naturali
1416 1116 1600 1172 quodam

150 1194 401 1235 adiumento
420 1194 472 1235 ad
491 1209 557 1245 ea,
591 1208 686 1250 quae
705 1195 865 1249 scripta
883 1202 1020 1245 erant,
1056 1193 1186 1235 facile
1207 1202 1249 1235 et
1265 1203 1382 1235 recte
1400 1193 1602 1249 legenda,

153 1273 267 1329 quod
299 1271 425 1312 nobis
453 1286 623 1327 quoque
655 1270 945 1313 adhibendum
977 1280 1042 1313 est
1071 1273 1115 1312 in
1141 1271 1373 1314 verborum
1405 1273 1605 1312 iunctura

152 1353 197 1392 in
229 1349 338 1391 locis
370 1350 513 1391 dubiis
544 1350 860 1391 constituenda.
921 1350 1093 1392 Deinde
1124 1359 1269 1391 autem
1306 1351 1350 1390 in
1384 1351 1464 1400 iis,
1509 1363 1602 1404 quae

152 1436 228 1469 aut
268 1441 545 1469 numerorum
582 1429 868 1469 oratoriorum
909 1436 1226 1469 autaversuum
1268 1437 1361 1469 arte
1402 1427 1608 1468 adstricta

152 1514 279 1557 sunt,
317 1505 558 1547 cavendum
599 1512 689 1555 est,
724 1519 779 1546 ne
818 1504 1053 1547 verborum
1083 1507 1384 1561 interpretatio
1416 1505 1469 1547 ab
1503 1507 1605 1546 arti-

154 1582 307 1626 ficiosa
332 1583 412 1624 illa
442 1584 653 1625 orationis
685 1582 825 1624 forma
858 1583 1088 1639 discrepet.
1150 1583 1288 1625 Velut
1310 1585 1423 1639 quod
1440 1582 1607 1625 XVeber

153 1664 200 1704 in
232 1670 313 1704 sat.
339 1660 466 1713 VIII,
491 1663 577 1702 202
608 1662 803 1716 scripsit:
844 1660 1025 1702 damnat
1051 1665 1164 1703 enim
1197 1664 1332 1713 tales,
1363 1661 1535 1703 habitus
1566 1667 1610 1703 et

156 1741 336 1782 damnat
365 1746 410 1781 et
440 1739 556 1790 odic,
596 1739 640 1780 id
673 1753 760 1780 non
790 1739 931 1781 solum
959 1749 1138 1796 propter
1170 1742 1428 1782 sententiam
1464 1743 1607 1798 perin-

155 1827 301 1875 eptam
331 1817 735 1874 reprehendendum
774 1826 866 1870 est,
910 1822 1072 1874 (neque
1106 1820 1220 1859 enim
1257 1818 1478 1867 Gracchus
1508 1819 1607 1861 illos

155 1896 421 1954 gladiatores
439 1896 686 1948 damnabat,
720 1897 797 1937 sed
830 1895 1007 1937 nolebat
1037 1911 1187 1937 eornm
1218 1898 1349 1937 armis
1382 1905 1424 1937 et
1457 1897 1607 1938 habitu

153 1989 380 2030 pugnare,
423 1989 554 2029 quum
591 1975 794 2014 retiarius
838 1987 933 2013 esse
976 1973 1150 2019 mallet3
1194 1987 1297 2022 nec,
1344 1975 1382 2014 si
1412 1974 1609 2015 homines

159 2053 432 2102 damnasset,
476 2059 596 2101 erat,
644 2064 719 2091 cur
760 2051 938 2104 gravius
982 2050 1034 2090 de
1065 2049 1217 2091 habitu
1260 2051 1325 2102 (el
1357 2051 1536 2092 damnat·
1566 2059 1611 2094 ec

159 2129 271 2184 odit)
302 2130 516 2170 diceretur
531 2132 561 2182 ς)
593 2129 671 2170 sed
700 2136 879 2184 propter
912 2127 1026 2169 male
1058 2128 1219 2170 factam
1237 2128 1466 2171 verborum
1485 2144 1608 2186 sepa-

183 2292 221 2337 ¹)
246 2292 374 2336 Ipsum
394 2290 573 2336 Pinzgeri
597 2293 876 2334 argumentum,
904 2291 973 2326 etsi
991 2292 1133 2327 Weber
1156 2301 1200 2326 eo
1228 2291 1283 2326 ita
1311 2297 1517 2328 commotus
1543 2297 1610 2336 est,

250 2357 294 2388 ut
312 2354 445 2388 mallet
461 2353 506 2386 de
520 2362 672 2398 gemma
688 2351 785 2386 alius
801 2353 937 2387 coloris
952 2365 1019 2398 per
1046 2359 1209 2388 aestatem
1221 2359 1369 2399 sumpta
1383 2354 1610 2399 intelligere,

256 2414 363 2460 quasi
390 2414 435 2447 de
461 2425 504 2447 eo
529 2424 634 2447 more
651 2413 772 2458 magis
790 2418 988 2456 constaret,
1010 2415 1241 2450 levissimum
1269 2420 1334 2450 est.
1381 2416 1509 2460 Neque
1535 2427 1613 2449 mos

250 2475 314 2509 hic
347 2474 441 2516 fuit,
477 2475 542 2508 sed
577 2475 745 2509 omnium
782 2481 992 2511 commenta
1026 2488 1205 2522 superans
1233 2476 1394 2521 Crispini
1421 2475 1610 2509 nmilities.

254 2537 304 2570 Et
329 2537 374 2569 de
400 2535 542 2570 leviore
570 2537 710 2570 annulo
749 2536 812 2582 agi
846 2537 980 2572 docent
1017 2540 1180 2584 primum
1215 2538 1296 2583 ipsa
1327 2537 1444 2570 verba
1480 2536 1611 2580 digitis

254 2597 494 2636 sudantibus,
532 2597 666 2642 quibus
692 2597 754 2630 vel
779 2599 851 2632 hoc
877 2610 972 2633 onus
998 2600 1210 2635 delicatulis
1237 2598 1364 2645 digitis
1390 2608 1506 2643 grave
1533 2608 1610 2630 csse

252 2658 510 2703 significatur,
546 2659 679 2693 deinde
706 2659 896 2703 proximus
922 2671 1070 2703 versus,
1109 2661 1214 2695 cuius
1240 2662 1352 2706 plane
1378 2662 1463 2692 sunt
1489 2657 1610 2698 obliti,

256 2730 322 2753 nec
347 2720 501 2763 sufferre
525 2724 634 2763 queat
656 2721 806 2754 maioris
826 2721 993 2765 pondera
1017 2734 1179 2767 gemmoe.
1220 2722 1364 2766 Quibus
1391 2718 1515 2753 verbis
1538 2718 1609 2751 dici

254 2780 420 2825 apertius
445 2779 592 2826 potuit,
628 2780 723 2827 fuga
758 2782 880 2818 oneris
914 2794 1136 2831 magnarum
1168 2792 1404 2830 gemmarum
1429 2779 1610 2815 leviorem

260 2851 326 2884 per
351 2845 515 2878 aestatem
543 2843 725 2879 annulum
749 2844 973 2889 sumptum?
