1981 3390
446 254 546 302 290

386 372 527 428 plebis
574 372 740 412 animos
782 385 807 412 a
851 361 1046 414 Graccho
1085 371 1366 423 avertendos,
1415 380 1462 412 ut
1502 372 1705 415 effectum
1738 387 1822 415 non

382 449 586 491 habuisse
616 463 712 490 cum
749 450 959 504 Savignio
994 457 1165 502 putem,
1200 451 1396 504 quamvis
1424 448 1682 495 Plutarchus
1711 452 1823 494 οἴκι-

377 526 497 569 στῶν
537 528 769 581 ἔκπεμψιν
809 534 1113 566 commemoret
1154 529 1210 576 (c.
1255 529 1327 574 10)
1358 528 1421 577 (in
1451 526 1549 581 lege
1580 528 1821 581 scriptam),

378 605 482 645 facit
508 603 673 644 velleii
702 601 918 642 Paterculi
945 600 1190 652 silentium,
1233 604 1276 642 in
1310 611 1398 643 tam
1426 604 1666 658 propinqua
1696 612 1821 644 aetate

375 688 438 720 tot
462 679 655 720 colonias
681 692 768 718 non
786 679 1000 718 omissuri.
1061 678 1263 719 Fortasse
1282 693 1367 719 una
1400 688 1443 721 et
1475 679 1612 723 altera
1639 680 1820 725 deducta

375 763 455 805 est,
483 763 530 794 ut
547 754 636 794 illae
652 753 813 794 Italicae
835 755 1037 809 quinque,
1053 768 1146 808 quae
1163 755 1276 808 apud
1292 754 1512 796 Velleium
1531 758 1820 806 nominantur,

374 845 461 872 non
485 845 633 872 omnes
656 830 916 871 Gracchanae
940 832 1042 881 sint,
1062 831 1233 881 deinde,
1258 829 1452 873 Graccho
1474 834 1606 882 victo,
1640 841 1732 877 tota
1751 846 1822 878 res

372 908 557 949 abiecta.
641 906 814 948 Civium
857 916 1002 948 autem
1042 906 1350 962 intelligendas
1391 921 1540 950 omnes
1585 907 1662 951 has
1704 908 1820 949 colo-—

371 989 466 1027 nias
490 993 631 1039 patet3
664 999 761 1026 nam
791 983 931 1040 plebis
961 984 1166 1025 Romanae
1200 985 1433 1026 commodis
1463 984 1819 1040 prospiciebatur,

370 1078 450 1105 nec
480 1062 719 1118 probabile
753 1061 844 1102 ullo
877 1061 1003 1102 modo
1035 1069 1126 1111 est,
1167 1075 1228 1101 ex
1267 1061 1372 1102 solis
1413 1060 1580 1103 civibus
1624 1063 1818 1116 integras

374 1140 568 1181 colonias
608 1140 788 1180 Latinas
832 1139 1086 1178 constitutas
1118 1151 1240 1188 esse,
1283 1137 1361 1179 illa
1397 1140 1636 1193 praesertim
1677 1146 1817 1187 aetate,

369 1232 454 1273 qua
484 1219 571 1258 iam
603 1217 709 1257 socii
745 1224 787 1256 et
824 1215 972 1255 Latini
1004 1215 1284 1255 vehementer
1324 1216 1543 1255 civitatem
1575 1214 1815 1257 Romanam

366 1302 516 1349 petere
565 1294 810 1347 coepissent
857 1299 900 1330 et
951 1289 1192 1331 Gracchum
1233 1289 1429 1344 aliosque
1482 1291 1682 1335 faventes
1725 1292 1816 1332 suis

368 1369 592 1412 conatibus
618 1368 828 1408 haberent
848 1369 903 1418 1).

487 1446 727 1487 Coniuncta
743 1444 926 1499 quodam
947 1442 1073 1484 modo
1086 1457 1181 1484 cum
1203 1442 1293 1483 illis
1307 1441 1571 1485 Gracchanis
1592 1443 1816 1485 conatibus

369 1524 539 1565 videtur
561 1524 695 1579 fuisse
712 1520 929 1563 Narbonis
941 1519 1091 1561 Martii
1114 1519 1329 1570 deductio,
1356 1535 1481 1575 quam
1506 1520 1719 1561 coloniam
1740 1534 1815 1575 po-

365 1600 507 1656 pulari
520 1599 619 1654 lege
636 1600 909 1639 constitutam
923 1611 1034 1647 esse,
1049 1611 1073 1637 a
1085 1598 1301 1636 senatoria
1314 1597 1500 1637 factione
1515 1595 1815 1651 improbatam,

367 1691 427 1718 ex
459 1675 681 1717 Ciceronis
707 1674 872 1729 aliquot
896 1673 1005 1718 locis
1029 1672 1287 1727 intelligitur
1308 1675 1365 1722 2).
1428 1672 1579 1727 Itaque
1602 1671 1657 1715 ab
1686 1673 1813 1713 initio

366 1756 526 1796 civium
556 1754 654 1803 fuit,
683 1764 730 1793 ut
749 1750 990 1806 appellatur
1022 1764 1047 1790 a
1067 1748 1275 1789 Cicerone
1302 1750 1398 1804 (pro
1421 1748 1600 1799 Font.1‚
1632 1747 1695 1803 3),
1727 1762 1812 1790 non

364 1831 464 1887 lege
482 1814 595 1870 Iulia
617 1830 912 1883 municipium.
968 1826 1031 1867 Ea
1051 1828 1165 1866 enim
1187 1825 1263 1866 lex
1282 1827 1460 1881 triginta
1474 1826 1564 1867 fere
1580 1827 1704 1866 annis
1714 1833 1813 1880 post

366 1916 409 1949 et
441 1916 635 1948 veterum
674 1905 939 1946 coloniarum
969 1903 1223 1943 Latinarum
1256 1910 1412 1942 statum
1445 1903 1627 1943 mutavit
1660 1910 1702 1942 et
1738 1915 1811 1942 eas

365 1984 604 2026 deducendi
625 1984 869 2023 institutum
897 1981 1070 2033 penitus
1100 1978 1308 2028 abolevit,
1339 1978 1470 2018 nullis
1495 1977 1658 2020 relictis
1675 1991 1811 2032 popu-

364 2062 443 2112 lis,
474 2074 533 2101 ex
567 2058 723 2116 quibus
751 2065 1117 2113 propagarentur;
1148 2057 1192 2096 in
1224 2057 1344 2096 cuius
1376 2055 1519 2096 locum
1558 2055 1665 2096 iuris
1695 2052 1810 2094 Latii

365 2138 553 2180 donandi
595 2150 759 2178 morem
811 2135 1071 2175 successisse
1115 2147 1245 2188 supra
1297 2133 1489 2174 diximus
1510 2131 1566 2185 ³).
1636 2130 1809 2172 Civium

394 2295 431 2335 ¹)
459 2295 622 2337 [Walter
649 2294 748 2328 Hist.
783 2293 860 2327 Iur.
889 2293 1000 2327 Rom.
1033 2293 1050 2325 1
1080 2304 1115 2337 p.
1147 2290 1216 2326 203
1248 2294 1323 2326 not.
1348 2290 1395 2326 82
1426 2290 1578 2325 Latinas
1602 2288 1671 2322 has
1696 2287 1810 2321 fuisse

458 2354 622 2388 colonias
655 2353 808 2394 statuit,
843 2356 879 2386 et
912 2353 980 2386 has
1015 2364 1094 2385 csse
1128 2352 1198 2385 XII
1222 2351 1312 2384 illas
1338 2351 1437 2394 apud
1464 2350 1704 2387 Ciceronem;
1742 2358 1809 2380 nce

455 2418 651 2454 movetur,
676 2413 773 2457 quod
798 2411 1007 2446 Ariminum
1032 2412 1145 2455 longe
1170 2408 1356 2453 antiquior
1382 2413 1437 2442 est
1468 2407 1637 2447 colonia;
1662 2417 1748 2439 nam
1772 2407 1810 2440 in

456 2473 549 2508 alias
576 2484 722 2517 quoquc
746 2483 859 2506 novos
894 2482 972 2504 csse
1006 2471 1181 2504 deductos
1215 2469 1375 2502 colonos.
1437 2467 1510 2501 Sed
1544 2471 1668 2500 tamen
1705 2465 1808 2500 aliud

458 2538 514 2568 cst
544 2532 691 2566 colonia
715 2543 832 2576 nova,
858 2531 960 2565 aliud
986 2531 1287 2575 supplementum
1316 2526 1562 2570 colonorum]

391 2595 430 2639 2)
457 2595 531 2629 Pro
559 2594 704 2627 Cluent.
730 2593 798 2634 51,
834 2592 903 2625 1-10
932 2592 1018 2624 coll.
1070 2592 1179 2624 Brut.
1209 2588 1276 2630 43,
1310 2588 1380 2622 160
1408 2593 1443 2622 ct
1469 2588 1514 2620 do
1539 2589 1634 2620 orat.
1654 2586 1713 2627 11,
1746 2584 1805 2625 55,

456 2655 538 2690 223.
584 2655 752 2688 Deducta
779 2656 833 2686 est
857 2663 889 2686 a.
917 2651 983 2685 118
1011 2651 1146 2694 (vt—ll.)

393 2718 429 2758 ⁹)
456 2718 535 2751 Iam
560 2726 604 2749 ex
631 2714 697 2755 iis,
725 2725 805 2758 quae
831 2712 877 2745 dc
906 2710 1185 2756 Transpadanis
1210 2708 1391 2749 diximus,
1430 2710 1554 2753 patet,
1579 2716 1691 2752 quam
1717 2715 1807 2739 vcra

458 2777 506 2813 sit
530 2774 790 2820 interpretatio
814 2772 887 2807 loci
903 2771 1031 2805 Dionis
1058 2770 1173 2804 Cassii
1198 2780 1220 2804 a
1245 2769 1350 2803 nobis
1375 2779 1488 2813 supra
1517 2780 1551 2812 p.
1578 2766 1646 2800 248
1671 2766 1801 2811 posita.

459 2839 610 2873 Latinos
635 2840 771 2872 veteres
795 2832 941 2870 Plinius
966 2833 1033 2867 lios
1059 2832 1094 2865 in
1115 2830 1297 2875 Hispania
1321 2829 1489 2874 appellat
1513 2831 1549 2863 et
1575 2826 1682 2862 latio
1707 2826 1802 2861 anti-
