1981 3390
1438 277 1537 326 255

154 393 246 437 ficii
278 408 409 438 causa
449 396 506 438 sit
545 407 684 450 neque
716 384 903 450 singulis
948 391 1196 435 horninibus
1228 394 1322 437 dari
1355 394 1447 438 ullo
1477 399 1604 441 modo

154 476 345 527 potuerit
365 473 420 526 ί).

257 550 413 606 ‘Atque
447 547 537 589 haec
570 549 732 603 optime
778 548 1040 589 conveniunt
1082 556 1244 589 naturae
1287 549 1502 591 universae
1540 552 1605 593 rei

156 627 388 677 Romanae,
437 624 608 680 qualem
654 625 707 666 ab
744 628 868 666 initio
911 627 1046 667 fuisse
1088 626 1304 677 diximus,
1350 642 1433 668 non
1477 627 1604 683 plura

152 703 346 744 membra
392 702 565 744 laxiore
617 703 801 759 quodam
861 703 1036 744 foedere
1088 704 1472 759 complectentem,
1527 705 1603 745 scd

153 793 303 821 omnes
333 789 479 835 partes
514 795 601 822 uno
647 780 821 822 vinculo
854 782 1046 822 eiusdem
1079 783 1268 823 civitatis
1299 784 1605 823 continentem.

150 856 242 899 Iam
285 858 488 912 deinceps
534 859 714 900 alterius
765 860 945 900 rationis
986 873 1064 913 per
1113 859 1358 900 foederatas
1403 860 1602 900 civitates

148 936 323 990 imperii
364 937 633 992 propagandi
664 944 874 990 susceptae
909 944 952 976 et
984 936 1037 976 ad
1070 934 1262 976 colonias
1296 936 1399 975 novi
1429 937 1604 990 generis

151 1011 373 1053 translatae
415 1014 540 1067 origo
574 1011 905 1067 contemplanda
939 1013 1020 1052 erit
1051 1019 1094 1052 et
1123 1010 1305 1052 historia
1335 1010 1604 1053 coloniarum

150 1087 206 1129 ab
246 1087 336 1129 illis
381 1090 712 1140 vetustissimis,
767 1103 792 1130 a
835 1088 990 1144 quibus
1039 1088 1225 1144 digressi
1268 1103 1400 1144 supra
1439 1103 1602 1140 sumuS,

148 1163 333 1206 ulterius
363 1167 676 1221 persequenda.
751 1166 865 1207 lllud
898 1165 1139 1207 addendum
1173 1174 1263 1217 est,
1295 1166 1407 1221 quod
1437 1166 1491 1207 ad
1523 1166 1602 1207 has

149 1250 346 1283 vetustas
393 1243 587 1284 colonias
640 1245 832 1284 maxime
874 1245 1086 1298 pertinet,
1137 1243 1236 1283 dato
1279 1242 1489 1298 paulatim
1531 1243 1603 1294 iis,

150 1321 223 1375 qui
250 1322 345 1361 sine
377 1322 587 1375 suffragio
617 1329 755 1371 erant,
781 1321 1008 1376 suffragio,
1040 1320 1399 1375 quemadmodum
1429 1322 1472 1360 in
1504 1319 1604 1360 aliis

151 1397 347 1439 eiusdem
379 1398 644 1439 condicionis
673 1397 848 1453 populis
881 1407 1033 1452 postea
1066 1398 1225 1438 sactum
1260 1404 1351 1448 est,
1381 1395 1603 1438 sublatum

150 1487 248 1515 esse
277 1475 516 1516 incolarum
557 1475 787 1516 discrimen
829 1475 1103 1529 praesidiique
1141 1475 1334 1530 impositi
1365 1475 1601 1515 notionem.

149 1549 337 1602 Deinde,
368 1553 569 1606 quoniam
592 1566 651 1592 ex
681 1551 762 1592 hac
794 1553 971 1592 notione
1000 1552 1190 1607 praesidii
1216 1553 1414 1607 perpetui
1440 1553 1603 1592 civium

148 1640 319 1669 omnem
351 1627 504 1669 harum
535 1626 802 1669 coloniarum
833 1636 1030 1669 naturam
1061 1630 1370 1683 repetivimus,
1399 1629 1487 1669 iam
1520 1628 1603 1669 hoc

150 1703 246 1746 loco
289 1706 514 1760 ponimus,
564 1713 744 1761 propter
792 1705 902 1746 hanc
945 1706 1082 1760 ipsam
1122 1718 1296 1747 causam
1338 1704 1507 1747 civibus
1550 1718 1601 1747 eo

153 1781 348 1822 deductis
393 1784 631 1838 antiquitus
665 1782 776 1824 alius
818 1781 985 1823 militiae
1030 1783 1302 1823 vacationem
1341 1782 1503 1832 fuisse3
1548 1783 1601 1823 de

150 1872 234 1914 qua
266 1873 314 1900 re
350 1859 464 1901 inst-a
494 1861 701 1902 dicemus.
1184 1854 1192 1863 ”

269 1935 553 1978 Communem
602 1937 840 1988 Italorum,
894 1949 982 1977 non
1029 1936 1251 1991 proprium
1307 1935 1603 1977 Romanorum

151 2011 266 2053 hunc
296 2013 432 2054 fuisse
471 2014 568 2054 dixi
611 2015 795 2054 victoria
837 2013 986 2053 utendi
1026 2026 1215 2062 morem,
1256 2019 1304 2051 ut
1342 2013 1469 2052 victis
1501 2024 1601 2066 pars

151 2087 299 2144 aliqua
335 2090 431 2146 agri
471 2089 759 2141 adimeretur,
800 2090 874 2144 qui
916 2102 1021 2144 ager
1065 2098 1140 2130 aut
1181 2087 1382 2143 publicus
1424 2089 1602 2130 victoris

177 2270 216 2313 ²)
243 2270 296 2304 Ad
330 2270 568 2315 quaestionem
602 2271 647 2305 de
679 2270 861 2318 suffragio
897 2270 1036 2306 civium
1069 2273 1178 2306 Rom.
1213 2271 1248 2306 in
1281 2272 1438 2306 coloniis
1472 2271 1602 2306 libcroe

237 2330 291 2363 rei
318 2331 475 2374 publice
512 2344 584 2365 non
618 2332 797 2376 pertinet,
843 2332 939 2376 quod
976 2334 1166 2376 Augustus
1205 2333 1323 2366 multo
1360 2336 1442 2377 post
1476 2333 1602 2376 legem

237 2390 398 2433 lutiam,
426 2403 541 2435 quum
566 2391 645 2436 ipse
671 2392 770 2433 iam,
799 2396 841 2425 ut
865 2391 1050 2437 suffragia
1080 2392 1221 2425 nullius
1247 2403 1397 2436 prorsus
1422 2392 1602 2426 momenti

239 2455 380 2494 essent,
408 2451 611 2493 effecisset,
646 2451 908 2497 libertatisque
933 2463 1060 2486 sensus
1086 2452 1286 2486 exstinctus
1314 2456 1430 2494 esset,
1467 2463 1510 2486 ex
1538 2464 1600 2486 co-

237 2510 349 2545 loniis
375 2511 625 2554 militaribus,
652 2523 743 2557 quas
770 2513 986 2554 deduxerat,
1013 2511 1257 2546 decurionum
1284 2518 1430 2548 tantum
1457 2514 1501 2546 de
1520 2524 1601 2546 ma·

238 2571 457 2616 gistratibus
491 2571 631 2606 urbicis
666 2572 851 2618 suffragia
878 2574 1040 2607 Romam
1070 2569 1210 2607 deterri
1235 2574 1367 2608 voluit.
1425 2573 1598 2616 (Sueton.

239 2631 335 2676 Aug.
360 2631 428 2675 ⁴6,
467 2633 572 2666 cuius
607 2633 682 2667 loci
713 2633 916 2667 lectionem
951 2633 1230 2668 sollicitandam
1263 2646 1336 2668 non
1374 2645 1452 2667 esse
1487 2634 1599 2678 plane

238 2692 428 2726 adsentior
458 2692 659 2738 Savignio‚
686 2694 822 2728 Gesch.
848 2695 882 2728 d.
910 2695 1019 2729 Ram.
1049 2696 1191 2730 Rechts
1216 2696 1267 2729 im
1295 2694 1490 2729 Mittelalt.
1516 2693 1531 2725 1
1561 2705 1597 2736 p.

236 2749 314 2793 22).
362 2751 492 2795 Neque
526 2753 648 2786 coloni
676 2765 796 2798 neque
821 2754 1041 2790 decuriones
1068 2756 1137 2789 illa
1160 2760 1266 2790 aetnte
1294 2743 1465 2788 Romans
1485 2752 1599 2785 comi-

237 2811 378 2844 tiorum
413 2822 525 2846 causa
559 2814 823 2856 ventilassent,
861 2826 1020 2859 quorum
1051 2816 1180 2861 paucis
1217 2815 1323 2851 annis
1360 2817 1441 2858 post
1464 2813 1598 2845 umbra

237 2870 389 2906 sublata
413 2876 480 2907 est.
533 2872 607 2906 Sed
632 2879 827 2919 supererat
853 2875 909 2910 ius
933 2876 1134 2911 honorum.
