1981 3390
409 255 507 304 284

339 374 484 417 nullos
516 372 735 415 habebant
774 387 877 416 suos
902 383 1051 416 coetus
1086 382 1130 415 et
1166 374 1352 430 oppida,
1403 373 1476 414 sed
1517 373 1630 414 in'ter
1671 373 1789 415 cives

336 451 560 494 vivebant.
633 451 702 493 De
743 451 811 492 his
844 460 986 492 tamen
1020 451 1300 506 singulariter
1341 449 1476 491 Gaius
1506 448 1680 499 scribit,
1710 449 1788 488 sed

336 532 424 582 ita,
445 538 492 570 ut
523 528 860 572 iurisconsultus
891 527 1012 569 illius
1043 529 1198 578 aetatis,
1234 543 1316 583 qua
1331 527 1509 582 publica
1525 528 1722 568 instituta
1747 532 1791 564 et

337 607 562 648 historiam
594 605 745 660 populi
776 605 960 646 Romani
990 603 1118 644 liberi
1149 618 1234 645 non
1264 604 1391 645 valde
1434 605 1603 645 curiose
1634 609 1790 644 tracta-

336 683 466 734 bant,
496 683 680 722 fortasse
709 682 850 721 minus
881 687 979 733 apte
1013 679 1182 720 loeutus
1213 681 1352 722 videri
1384 680 1538 721 debeat
1560 682 1615 731 ¹).

458 759 585 807 Quod
621 757 834 811 reliquum
868 764 934 796 est
965 756 1017 796 de
1045 756 1126 797 hac
1158 771 1220 807 re,
1243 756 1438 797 colonias
1454 756 1650 808 Latinas,
1682 771 1787 812 quo-

335 838 452 877 niam
482 833 666 889 singulae
700 835 899 874 civitates
933 842 1079 884 erant,
1125 848 1211 874 non
1240 835 1368 875 unius
1401 834 1590 874 civitatis
1627 841 1788 888 partes,

336 927 425 954 suae
474 913 740 965 integritatis
787 912 903 965 ipsas
953 911 1151 951 custodes
1193 911 1356 972 fuisse,
1401 912 1518 951 cives
1557 923 1658 951 suos
1692 923 1790 951 cen·

335 992 498 1039 suisse,
542 1002 720 1047 qu‘aeque
753 986 915 1028 similia
947 996 1072 1038 sunt,
1102 1003 1179 1043 per
1207 1002 1255 1027 se
1288 995 1407 1042 patet
1423 989 1482 1037 2).

455 1066 604 1110 Redeo
649 1065 704 1108 ad
746 1078 820 1114 ea,
874 1077 968 1120 quae
1019 1064 1072 1107 de
1124 1063 1393 1108 coloniarum
1438 1064 1786 1107 deducendarum

356 1287 396 1331 1)
423 1287 502 1327 111,
538 1285 609 1319 562
660 1283 811 1317 Latinos
840 1282 921 1317 ideo
954 1284 1184 1329 (appellatos
1211 1283 1320 1327 dixi),
1346 1284 1432 1329 quia
1469 1284 1527 1318 lca:
1560 1294 1620 1318 eos
1655 1282 1788 1318 liberos

422 1345 577 1389 perinde
608 1354 685 1376 esse
713 1343 851 1382 voluit,
894 1347 1002 1387 atque
1024 1345 1058 1376 εἰ
1081 1348 1199 1378 essent
1223 1345 1319 1378 cives
1346 1343 1502 1377 Romam·
1525 1343 1700 1388 ingenui,
1727 1344 1791 1388 qui

426 1416 470 1439 esc
494 1404 582 1437 urbe
608 1403 723 1435 Roma
747 1403 784 1435 in
811 1403 963 1436 Latinas
991 1404 1151 1437 colonias
1178 1404 1327 1437 deducti
1349 1404 1475 1437 Latini
1498 1404 1689 1438 coloniarii
1710 1415 1788 1437 esse

425 1468 630 1509 coeperunt.
679 1463 822 1496 Eadem
859 1463 942 1497 fere
974 1465 1154 1509 leguntur
1188 1464 1224 1498 in
1258 1466 1471 1508 fragmento
1504 1464 1640 1498 incerti
1674 1463 1788 1498 iuris·

424 1524 607 1565 consum,
634 1525 730 1567 quod
756 1523 935 1557 Pithoeus
963 1528 1045 1568 post
1069 1524 1310 1560 collationem
1335 1524 1430 1568 legis
1459 1525 1631 1558 Mosaicae
1656 1524 1785 1564 edidit,

425 1584 658 1628 (Schulting.
680 1583 886 1627 Iurisprud.
908 1583 1129 1617 Anteiustin.
1148 1597 1183 1628 p.
1198 1584 1307 1627 805J:
1340 1585 1448 1620 Fiunt
1474 1585 1597 1617 Latini
1620 1584 1783 1622 Iuniani,

423 1644 590 1688 quoniam
624 1643 681 1675 lex
716 1642 844 1681 Iunia,
885 1653 962 1685 quoe
992 1643 1196 1677 libertatem
1233 1644 1284 1676 eis
1312 1644 1435 1683 dedit,
1483 1645 1683 1687 exoequavit
1724 1654 1784 1676 eos

422 1704 565 1739 Latinis
590 1703 808 1743 odonariis,
837 1702 1009 1745 qui'tunc
1038 1708 1141 1737 erant
1168 1704 1262 1736 cives
1289 1704 1446 1736 Romani
1471 1709 1507 1737 et
1529 1716 1656 1737 nornen
1681 1715 1785 1737 suum

421 1766 459 1800 in
484 1765 660 1798 coloniam
679 1763 865 1796 dederant.
929 1763 1111 1798 Videntur
1130 1763 1335 1808 cogitasse,
1369 1763 1407 1796 in
1442 1764 1607 1798 colonias
1633 1763 1785 1798 Latinas

422 1827 520 1860 cives
546 1815 598 1857 'ex
635 1824 727 1856 urbe
761 1834 909 1868 semper
945 1824 1085 1861 missos,
1152 1823 1193 1857 Si
1227 1827 1402 1858 accurate
1434 1824 1551 1859 locuti
1583 1828 1687 1865 sunt,
1722 1835 1782 1861 res

423 1887 513 1921 hinc
539 1887 777 1932 cognoscitur
811 1885 964 1920 minime
989 1884 1109 1926 mira,
1145 1883 1383 1928 singulorum
1417 1883 1555 1918 civium
1590 1884 1783 1920 Romano-

420 1959 529 1988 rum,
566 1947 628 1991 qui
659 1947 784 1981 Latini
818 1947 969 1986 fierent,
1004 1945 1103 1978 hane
1134 1944 1307 1978 habitam
1332 1955 1410 1977 esse
1437 1955 1586 1985 curam,
1618 1955 1664 1977 ne
1688 1954 1783 1978 nexa

422 2018 555 2051 resque
580 2006 662 2040 iure
690 2006 896 2051 Quiritium
922 2008 1120 2039 contraetae
1145 2005 1411 2045 turbarentur,
1437 2004 1572 2038 amisso
1598 2014 1782 2036 commer-

417 2069 486 2103 cio.
546 2067 780 2111 [Suspicatus
813 2077 917 2100 eram
943 2070 1074 2106 antea,
1113 2065 1309 2101 duodecim
1335 2065 1502 2099 colonias
1524 2063 1677 2096 Latinas
1701 2063 1782 2096 for-

418 2133 518 2163 tasse
553 2128 607 2161 ita
645 2127 864 2161 constitutas
893 2127 1033 2166 fuisse,
1070 2129 1131 2167 ut,
1171 2137 1285 2174 quum
1310 2125 1407 2159 inter
1442 2125 1593 2159 colonos
1620 2134 1781 2168 magnus

418 2189 556 2222 civium
593 2198 772 2220 numerus
812 2192 927 2228 esset,
970 2191 1151 2231 perpetua
1187 2186 1230 2219 iis
1266 2187 1532 2219 concederetur
1566 2182 1781 2217 commercii

416 2247 622 2291 possessi03
650 2258 735 2281 nain
762 2247 798 2280 in
823 2247 984 2292 singulis
1010 2246 1087 2280 iliis
1114 2245 1278 2290 ipsorum
1311 2251 1431 2280 morte
1457 2245 1774 2290 exstinguebatur.

417 2309 512 2340 Eam
539 2307 791 2340 coniecturam
818 2307 893 2339 iam
922 2307 1044 2340 minus
1073 2306 1309 2350 probabilem
1336 2306 1458 2349 puto]

348 2370 385 2410 2)
411 2369 527 2401 Extra
558 2366 727 2401 ordinem
761 2366 985 2400 Narnienses
1012 2377 1044 2398 a.
1073 2365 1141 2398 199
1163 2366 1289 2398 Romae
1316 2363 1436 2407 questi
1463 2365 1569 2402 sunt,
1596 2361 1776 2406 quosdam

419 2439 490 2461 non
515 2427 572 2460 sui
599 2425 745 2469 generis
773 2437 838 2470 pro
870 2425 1010 2459 colonis
1027 2436 1065 2458 se
1081 2435 1213 2469 gerere
1230 2422 1327 2464 (Liv.
1347 2420 1507 2461 xxxn,
1533 2420 1587 2464 2).
1646 2421 1777 2455 I'oenae

416 2498 530 2522 causa
565 2486 779 2529 impositum
806 2489 860 2518 est
884 2485 1040 2519 coloniis
1066 2483 1261 2518 duodecim
1287 2483 1324 2515 in
1350 2482 1452 2514 beilo
1481 2480 1650 2522 Punico,
1689 2485 1729 2514 ut
1752 2491 1776 2515 a

417 2548 495 2582 suis
520 2546 669 2591 quidem
695 2545 934 2587 censoribus,
970 2546 1033 2580 sed
1060 2556 1102 2578 cx
1127 2544 1293 2580 formula
1319 2553 1341 2575 a
1365 2540 1544 2577 Romanis
1570 2541 1658 2578 data
1687 2552 1774 2574 cen-

412 2612 583 2643 serentur
608 2607 819 2650 tabulaeque
838 2608 997 2641 Romam
1023 2606 1259 2638 deferrentur
1285 2602 1382 2646 (Liv.
1410 2602 1555 2642 xxlx,
1582 2601 1656 2644 15),
1697 2602 1773 2635 Sa:-

415 2670 498 2714 pius
524 2668 767 2712 expetebatur
801 2678 983 2700 novorum
1018 2667 1237 2699 colonorum
1272 2662 1454 2703 adiectio,
1490 2672 1604 2705 quum
1637 2671 1772 2705 parum

414 2730 625 2773 frequentes
653 2727 827 2762 oneribus
853 2728 1066 2760 delectuum
1093 2729 1130 2759 et
1164 2723 1296 2759 tributi
1330 2734 1372 2756 ex
1398 2722 1563 2756 formula
1589 2720 1772 2764 impositis

414 2802 486 2824 non
522 2788 760 2831 sufficerent,
799 2792 839 2823 ut
877 2798 899 2822 a
933 2785 1202 2822 Narniensibus
1242 2789 1278 2819 et
1315 2783 1467 2820 Cosanis
1502 2793 1535 2818 u.
1570 2780 1640 2819 199
1671 2781 1772 2825 (Liv.

413 2849 574 2890 xxxa,
602 2848 655 2893 2).
