1981 3390
1443 204 1543 254 495

161 328 354 371 videtur:
393 326 453 368 ml
481 338 580 381 pop.
612 324 669 366 R.
732 320 848 363 Tum
888 322 932 362 in
967 324 1129 364 veteris
1163 333 1303 375 poetoe
1346 338 1500 377 versu,
1536 326 1611 367 ubi

161 408 324 448 editur:
375 405 444 446 Re
476 402 632 452 dubia,
671 412 751 441 nec
781 398 997 441 dubitarit
1027 404 1159 441 vitam
1196 401 1380 452 offerre,
1423 405 1607 457 primum

160 485 266 526 duas
295 485 456 539 primas
485 492 614 521 voces
638 476 795 519 Nobbe
823 487 972 519 contra
1005 477 1228 519 Ciceronis
1261 488 1449 521 mentem
1479 482 1612 523 iuter-

161 560 392 616 pungendo
423 557 631 611 disiungit
662 570 686 596 a
721 555 916 611 reliquis,
946 565 1148 612 tanquam
1180 557 1231 597 ad
1265 559 1488 613 superiora
1517 574 1613 612 per-

156 640 346 684 tineant3
393 649 533 689 neque
575 634 690 674 enim
733 632 886 675 Cicero
928 643 1016 674 tum
1061 635 1123 675 sic
1170 649 1323 675 versus
1368 636 1612 678 divellissot

156 714 353 762 citand03
398 711 553 754 deinde
595 726 672 764 pro
707 724 786 752 nec
819 712 988 753 codices
1023 711 1183 753 habent
1216 718 1265 753 ut
1296 712 1439 767 (Pan,
1482 713 1611 757 Bern.

158 795 198 843 1,
225 794 275 839 2;
314 792 366 832 de
399 790 670 831 Gruterianis
708 788 930 831 silentium
967 798 1056 842 est,
1091 790 1214 832 Oxx.
1247 790 1444 833 lacunosi
1476 797 1611 846 sunt),

156 885 216 911 ex
257 885 340 925 qno
375 868 426 910 fit
466 867 592 908 Haut
623 865 849 908 dubitarit.
922 868 1132 922 Superius
1174 867 1286 909 illud
1321 867 1438 915 Quid
1467 873 1610 911 enim?

157 947 388 989 emendare
420 959 504 986 non
538 958 728 1000 possum.
797 943 883 984 Sed
929 957 1087 1000 magna
1126 945 1171 985 in
1205 944 1287 986 hoc
1323 955 1366 986 et
1407 949 1611 1000 proximo

155 1027 296 1080 capite
328 1022 560 1065 difficultas
598 1023 703 1063 oriri
735 1021 931 1073 videtur,
974 1022 1087 1077 quod
1115 1024 1147 1063 ii
1181 1037 1360 1075 versus,
1401 1040 1508 1080 quos
1540 1025 1612 1067 Ci-

155 1117 254 1145 cero
284 1111 490 1158 tanquam
520 1102 565 1141 in
596 1100 749 1141 eadem
781 1099 926 1141 facula
957 1102 1124 1155 positos
1158 1102 1283 1151 citet,
1331 1116 1391 1143 ex
1424 1103 1610 1146 diversis

154 1181 314 1235 sumpti
342 1181 444 1220 sint.
505 1177 658 1234 Itaque
689 1177 875 1220 haeretur
911 1180 1105 1219 maxime
1135 1179 1179 1219 in
1210 1178 1356 1220 verbis
1382 1184 1427 1221 ιἰι
1461 1182 1609 1222 eadem

141 1257 310 1307 fabula
351 1272 388 1298 c.
427 1258 484 1298 57
518 1258 613 1297 init.
690 1256 777 1298 Sed
827 1270 922 1297 eam
967 1255 1264 1298 difficultatem
1313 1259 1508 1299 maxima
1549 1274 1609 1300 cx

157 1345 278 1391 parte
308 1335 392 1376 sibi
421 1336 505 1390 ipsi
537 1345 698 1376 creant.
753 1333 866 1376 Nam
901 1347 994 1390 quae
1029 1338 1052 1386 ξ
1086 1336 1168 1376 122
1194 1336 1336 1389 posita
1363 1345 1487 1387 sunt,
1515 1351 1609 1392 quae

154 1423 195 1454 et
227 1428 304 1467 per
333 1428 380 1454 se
409 1422 604 1466 apertum
637 1421 702 1453 est
735 1427 795 1453 ex
818 1413 950 1453 Ennii
986 1411 1291 1454 Andromacha
1320 1423 1490 1469 sumpta
1524 1429 1610 1456 non

153 1505 276 1542 esse,
308 1505 368 1532 ex
398 1505 482 1546 qua
513 1492 715 1545 proxime
749 1492 976 1545 superiora
1005 1498 1128 1541 sunt,
1161 1500 1204 1531 et
1234 1490 1492 1533 scholiastes
1519 1492 1611 1534 Va-

152 1570 321 1610 ticanus
352 1582 412 1609 ex
441 1568 553 1609 Attii
586 1568 803 1621 Eurysace
836 1568 965 1610 ducta
994 1568 1149 1618 tradit,
1179 1583 1230 1609 ea
1257 1567 1410 1611 Cicero
1443 1579 1610 1611 tantum

153 1646 301 1697 abest,
330 1654 378 1687 ut
408 1660 467 1687 ex
497 1645 664 1696 eadem,
699 1660 783 1700 qua
817 1647 1057 1701 superiora,
1089 1645 1240 1687 fabula
1271 1656 1444 1703 sumpta
1475 1649 1611 1703 signi-

157 1721 280 1773 ficet,
322 1730 370 1762 ut
403 1731 553 1763 contra
591 1737 650 1762 ex
684 1722 772 1763 alia
812 1737 909 1764 esse
949 1732 1116 1765 tantum
1148 1738 1233 1765 non
1268 1726 1428 1777 apertis
1463 1724 1610 1766 verbis

155 1801 284 1842 dicat.
347 1798 461 1840 Nam
501 1813 630 1854 quum
662 1813 792 1851 supra
824 1799 1033 1840 dixisset:
1064 1802 1222 1854 ‘paullo
1250 1807 1351 1854 post
1382 1806 1429 1842 in
1459 1802 1609 1842 eadem

142 1877 337 1928 sabula,
372 1876 442 1918 hic
474 1876 583 1918 nihil
613 1876 757 1917 simile
786 1877 932 1931 ponit,
975 1877 1076 1927 sed,
1123 1886 1324 1932 tanquam
1359 1879 1411 1919 de
1442 1878 1530 1920 alia
1562 1894 1609 1920 re

155 1954 330 2011 alioque
371 1963 588 2010 tempore:
634 1953 772 2009 quid?
816 1954 898 1995 illa
931 1955 1279 2009 quemadmodum
1314 1955 1434 1997 delcit·
1463 1957 1608 1997 idem?

155 2033 283 2083 Quod
326 2042 471 2074 autem
505 2033 597 2074 haec
636 2041 834 2074 extrema
867 2034 1113 2074 necessario
1144 2042 1338 2075 statuunt
1371 2048 1427 2075 ex
1456 2035 1607 2075 eadem

151 2111 302 2153 fabula
331 2126 454 2162 esse,
497 2125 554 2152 ex
587 2125 671 2166 qua
701 2109 803 2151 illa:
842 2113 918 2164 qni
955 2125 1042 2151 rem
1070 2110 1291 2166 publicam
1326 2121 1407 2153 etc.
1470 2116 1493 2163 ξ
1526 2114 1607 2153 120

154 2199 197 2230 et
229 2191 309 2230 121
343 2191 554 2240 citentur‚
598 2203 691 2244 quae
726 2187 949 2229 Ciceronis
985 2188 1120 2230 verba
1152 2190 1222 2243 (ῖιι
1259 2190 1406 2231 eadem
1422 2189 1606 2241 fabula,

152 2281 188 2308 c.
214 2269 270 2307 57
297 2268 409 2313 init.)
444 2281 502 2308 ex
533 2265 841 2308 Andromacha
875 2280 970 2307 esse
1014 2268 1269 2319 ostendunt,
1299 2283 1348 2309 ea
1379 2267 1608 2309 Garatonii-

151 2352 215 2385 est
253 2345 525 2395 coniectura,
559 2344 680 2385 nulla
709 2359 766 2386 ex
799 2345 887 2386 alia
915 2346 1041 2386 ducta
1075 2360 1145 2395 re,
1189 2347 1272 2385 nisi
1305 2346 1416 2401 quod
1450 2347 1605 2401 priori-

149 2421 231 2463 bus
271 2421 469 2463 versibus
503 2420 682 2464 Graecus
723 2422 883 2479 aliquis
922 2422 1147 2473 laudatur,
1187 2431 1234 2464 ut
1268 2424 1464 2474 videtur,
1511 2437 1606 2464 cum

152 2499 330 2554 querela
363 2499 536 2555 aliqua,
580 2499 730 2542 alteris
758 2500 848 2542 illis
882 2501 1014 2543 exsul
1045 2501 1202 2556 aliquis
1231 2500 1406 2543 Graecus
1440 2499 1608 2556 signifi-

153 2585 286 2617 catur.
356 2576 523 2617 Verum
566 2577 658 2618 haec
697 2592 802 2620 sane
846 2593 930 2620 non
974 2579 1193 2621 sufficiunt
1235 2579 1287 2619 ad
1327 2579 1604 2619 evertendam

151 2655 418 2709 aptissimam
449 2667 526 2706 per
560 2667 606 2694 se
650 2664 692 2694 et
732 2653 1024 2699 firmissimam
1056 2657 1316 2698 testimoniis
1349 2657 1604 2712 scripturam

150 2730 381 2772 verborum
423 2735 467 2772 in
504 2731 862 2786 eademfabula,
905 2750 1032 2791 quam
1067 2736 1304 2792 praesertim
1345 2734 1603 2774 narrationis

152 2810 255 2850 ordo
297 2808 550 2865 planissime
593 2809 833 2853 confirmet.
899 2812 988 2855 Cur
1017 2816 1131 2856 enim
1163 2812 1239 2855 illa
1273 2826 1332 2854 ex
1361 2811 1603 2854 Androma-
