1981 3390
1525 270 1617 315 421

234 402 320 443 Sed
356 400 400 441 hi
443 399 634 441 editores
667 397 884 444 alterum,
929 393 1042 448 quod
1076 392 1294 446 sequitur,
1336 391 1476 430 «licam
1509 391 1695 430 sustule-

236 488 361 528 runt,
394 492 448 518 ne
490 476 692 530 repetitio
737 471 922 513 molesta
968 478 1097 510 esset.
1172 467 1262 508 Nec
1304 466 1357 507 ab
1391 466 1523 506 simili
1555 470 1694 521 suspi-

235 556 359 596 cione
387 552 616 600 abhorret,
660 549 773 605 quod
806 564 841 589 c.
874 550 944 598 51,
982 549 1064 587 110
1105 561 1190 586 non
1235 546 1484 585 coniectura
1515 558 1540 583 a
1577 542 1694 583 Nau-

234 632 356 685 gerio
396 629 559 669 editum
605 636 695 676 est,
747 626 852 675 sed,
896 634 943 665 ut
982 638 1095 664 nune
1137 630 1280 678 patet,
1322 636 1345 662 e
1387 621 1534 662 codice
1579 635 1694 661 sum-

230 715 375 761 ptum,
418 709 464 745 in
508 718 582 758 spe
616 717 757 744 rerum
799 716 1032 750 novarum,
1076 700 1148 741 ubi
1183 699 1311 740 Bern.
1344 698 1588 753 reliquique
1624 712 1693 738 co-

232 784 375 823 dices:
422 786 469 822 in
514 795 655 821 rernm
698 794 903 821 novarum
946 778 1150 820 mendose
1182 776 1356 818 babent.
1434 775 1519 817 Sed
1553 777 1695 829 ipsum

234 859 495 902 vocabulum
530 868 677 913 aptum
711 872 796 898 non
828 865 915 904 est3
960 871 1100 911 neque
1142 857 1257 895 enim
1289 853 1460 894 Gellius
1490 852 1694 907 sperabat

233 946 399 978 tantum
444 950 513 976 res
555 949 716 985 novas,
773 934 849 975 sed
886 934 939 974 de
981 935 1036 973 iis
1078 931 1298 987 cogitabat
1343 929 1695 983 moliebaturque

233 1014 414 1069 aliquid.
482 1012 634 1067 Itaque
667 1010 825 1051 melius
855 1019 921 1050 est
951 1009 1166 1064 Hervagii
1197 1007 1547 1063 supplementum
1576 1011 1693 1061 cogi-

231 1095 423 1139 tatione,
458 1089 560 1139 sed,
595 1096 642 1128 ut
677 1101 790 1129 nune
823 1095 969 1143 patet,
1004 1101 1028 1128 e
1063 1087 1312 1127 coniectura
1344 1085 1546 1135 ductum,
1592 1083 1694 1124 relis-

233 1169 484 1224 giosiorque
516 1165 609 1216 hio,
657 1174 703 1205 ut
737 1164 868 1215 alibi,
902 1164 1176 1219 Naugerium,
1227 1172 1375 1204 contra
1407 1177 1533 1217 quam
1568 1161 1697 1202 Orel-

233 1245 320 1286 lius
344 1243 543 1298 putabat.
614 1242 781 1285 Verum
818 1242 923 1292 liaec,
964 1250 1010 1282 ut
1039 1242 1158 1291 dixi,
1200 1243 1244 1281 in
1276 1241 1422 1282 codice
1457 1240 1694 1281 Parisiensi

236 1321 366 1363 facile
399 1319 779 1375 deprehenduntur
809 1329 985 1375 propter
1020 1327 1170 1374 aperta
1203 1318 1473 1372 corruptelae,
1508 1331 1602 1372 quae
1632 1318 1695 1356 in-

237 1397 482 1453 terpolandi
513 1411 644 1438 eausa
676 1397 783 1447 fuit,
812 1398 973 1439 indicia
1003 1398 1046 1437 in
1081 1396 1181 1437 aliis
1213 1397 1362 1446 eodd.‚
1395 1410 1473 1437 nec
1503 1393 1697 1436 officiunt

233 1476 411 1531 reliquae
443 1475 604 1516 codicis
637 1475 980 1529 praestantissimi
1021 1476 1267 1515 auctoritati
1302 1483 1345 1514 et
1375 1474 1487 1513 usui.

353 1552 498 1606 Atque
536 1551 613 1591 has
648 1566 797 1592 omnes
832 1551 1192 1604 interpolationes
1225 1566 1310 1591 non
1351 1550 1493 1591 solum
1537 1549 1696 1590 codicis

231 1628 467 1671 Bernensis
487 1629 737 1669 testimonio
769 1643 1006 1683 coarguere
1032 1642 1278 1682 possumus,
1308 1628 1383 1669 sed
1406 1629 1535 1672 etiam
1560 1626 1697 1668 tertia:

232 1707 380 1762 stirpis
413 1706 636 1756 oodimnn,
677 1720 860 1760 quorum
893 1714 960 1746 est
1003 1707 1203 1759 princeps
1242 1705 1334 1746 cod.
1367 1705 1517 1747 Sancti
1547 1704 1696 1745 Victo-

232 1786 320 1834 ris,
363 1783 518 1824 deinde
552 1784 747 1837 proximi
791 1782 845 1823 ab
880 1798 932 1823 eo
967 1783 1109 1824 Palat.
1141 1797 1306 1834 nonus«,
1349 1781 1696 1830 Gemblaeensis,

236 1861 506 1901 Erfurtensis
539 1861 602 1915 (in
637 1874 721 1914 quo
752 1868 895 1901 tamen
929 1875 1044 1901 nunc
1063 1852 1273 1907 ‘Sestiana
1308 1874 1392 1900 non
1433 1863 1532 1910 est).
1610 1858 1696 1899 Sed

234 1939 287 1983 de
319 1937 387 1978 bis
430 1946 476 1978 ut
516 1936 694 1980 difficile
724 1939 781 1977 sit
812 1951 1058 1992 exponere,
1103 1936 1279 1978 Gruteri
1320 1936 1592 1991 negligentia
1633 1934 1695 1974 fa-

235 2024 349 2056 ctum
385 2023 464 2064 est,
496 2014 682 2055 fortasse
716 2016 846 2055 etiam
883 2014 1095 2054 nonnulla
1129 2014 1337 2054 Gulielmi
1373 2013 1513 2068 culpa,
1544 2012 1619 2051 sed
1651 2012 1695 2050 in

233 2091 314 2131 illa
344 2100 469 2133 aetate
497 2092 776 2140 excusanda,
805 2100 979 2146 propter
1005 2107 1132 2150 quam
1170 2092 1253 2132 dici
1293 2093 1467 2146 nequit,
1508 2098 1596 2130 tres
1630 2087 1693 2129 illi

235 2170 377 2209 sintne
410 2183 469 2209 ex
502 2171 595 2225 ipso
625 2170 670 2210 S.
702 2169 894 2210 Victoris
922 2169 1067 2210 codice
1092 2170 1276 2210 derivati
1302 2171 1416 2222 (sive
1445 2167 1694 2209 immediate

235 2247 330 2286 sive
366 2246 580 2296 mediate,
624 2255 669 2287 ut
698 2261 809 2287 nune
848 2246 1114 2302 loquimur),
1155 2262 1208 2287 an
1253 2262 1309 2287 ex
1351 2247 1444 2286 eius
1488 2240 1694 2300 gemello.

234 2326 381 2377 Atque
415 2323 495 2363 hoc
525 2323 710 2373 codices,
746 2338 922 2364 movere
953 2326 1198 2379 quempiam
1225 2325 1406 2364 forsitan
1440 2324 1576 2377 possit
1607 2336 1694 2362 ma-

232 2414 328 2455 gna:
362 2399 546 2440 alicuius
582 2399 881 2441 similitudinis
921 2403 1114 2458 species,
1154 2410 1201 2441 ut
1234 2401 1285 2442 ad
1320 2400 1588 2442 Beruensem
1621 2399 1693 2439 ad-

231 2479 412 2533 iungat,
457 2491 617 2532 eosque
661 2491 810 2518 omnes
858 2486 1061 2534 tanquam
1103 2481 1229 2521 unius
1269 2480 1415 2532 stirpis
1458 2478 1693 2519 parisiensi

232 2556 470 2596 contrarios
514 2562 644 2609 ponat
668 2556 722 2605 ¹).
801 2554 968 2597 Verum
1023 2564 1111 2597 tres
1154 2558 1426 2611 potissimum
1468 2563 1568 2595 sunt
1606 2553 1691 2594 loci

258 2693 467 2736 ¹)-Omitto
492 2705 589 2727 nune
618 2705 679 2729 cos
706 2696 831 2738 locos,
868 2697 903 2731 in
941 2698 1076 2742 quibus
1101 2697 1322 2732 Parisicnsis
1359 2697 1406 2730 ab
1442 2695 1500 2728 his
1536 2694 1691 2728 discedit

323 2765 396 2787 non
431 2753 542 2787 solita
569 2755 760 2799 scripturae
787 2756 1027 2801 diversitate,
1065 2759 1128 2792 sed
1160 2760 1207 2792 ob
1233 2762 1404 2803 apertam
1431 2756 1689 2799 interpolatio-

324 2824 430 2853 nem,
467 2813 512 2845 do
547 2814 681 2858 quibus
720 2816 860 2850 dictum
895 2823 972 2860 0513
1008 2819 1070 2852 scd
1099 2819 1135 2852 in
1164 2819 1294 2852 ceteris
1322 2817 1382 2850 hic
1412 2820 1465 2849 est
1492 2827 1690 2850 consensus

323 2873 360 2908 S.
390 2873 548 2910 Victoris
584 2878 620 2910 ct
658 2876 879 2912 Beruensis:
917 2878 933 2921 5
965 2878 988 2913 6
1028 2884 1180 2914 cccci-um
1220 2878 1354 2922 (ctiam
1395 2875 1568 2917 Gcmbt.;
1605 2876 1688 2910 iude
