1981 3390
1455 215 1542 262 vll

154 330 199 363 nit
226 339 381 375 corpus,
410 328 627 374 praefectum
652 329 775 364 Roma
803 327 1015 374 accipien33
1052 339 1120 363 nec
1145 328 1231 374 ipsis
1259 332 1399 367 colonis
1426 333 1461 368 in
1489 338 1612 379 pra-si-

155 412 216 448 dio
244 411 399 447 militari
440 411 570 457 positis
593 412 811 457 praesectum
838 412 991 446 missum
1019 413 1141 457 potius
1165 424 1277 479 quam
1304 415 1351 448 ab
1378 415 1467 460 ipsis
1493 418 1614 463 mugi—

152 498 311 530 stratum
339 498 522 536 creatum,
547 495 654 529 nullo
680 495 771 529 iuris
799 495 942 540 publici
971 495 1199 537 discrimine,
1226 497 1477 542 improbabile
1502 504 1614 544 puta·

151 567 258 612 Ιηιιη.ν
299 578 405 613 Nunc
431 582 569 620 tamen,
596 578 708 613 etiam
735 579 782 613 ob
809 589 867 621 ea,
894 591 973 624 quoe
999 592 1034 624 p.
1061 579 1129 613 231
1156 584 1230 615 not.
1259 582 1304 614 dc
1329 582 1440 616 Antio
1465 582 1612 628 scripsi,

152 662 286 703 credo,
310 662 461 697 colonos
494 673 603 696 suum
627 661 698 697 sibi
724 662 990 707 magistratum
1028 673 1196 705 creasse,
1231 664 1317 706 sed,
1351 677 1466 710 quum
1500 667 1614 713 longe

151 744 231 780 sine
255 745 368 780 dubio
404 747 627 791 plerumque
657 745 853 790 pauciores
880 749 1021 788 essent,
1060 758 1171 791 quam
1198 748 1332 790 alteri,
1373 760 1506 794 resque
1531 750 1611 784 fere

154 840 238 862 cum
265 829 309 863 iis
336 833 544 864 contractas
571 829 774 870 haberent,
810 839 925 872 quum
954 827 994 861 hi
1019 829 1065 862 ml
1091 830 1278 874 suffragia
1306 831 1610 874 admitterentur,

150 912 188 945 in
215 922 348 947 eorum
374 923 509 956 corpus
536 910 723 945 transisse.
773 910 874 944 Tota
902 921 962 943 res
987 909 1025 943 in
1050 909 1269 946 coniectura
1293 912 1417 958 posita
1447 918 1512 948 cst.

323 994 366 1028 P.
403 993 483 1029 254.
547 992 719 1038 Reliquis
757 992 990 1038 argumentis
1035 1003 1059 1027 a
1091 1005 1153 1028 me
1191 995 1366 1040 expositis
1408 998 1610 1042 superaddi

148 1079 284 1122 potest,
310 1077 409 1122 quod
434 1076 629 1122 Zumptius
652 1076 690 1111 in
717 1086 875 1111 censura
899 1076 1013 1111 huius
1037 1082 1235 1112 comment.
1264 1079 1519 1123 (labi-bucher
1544 1081 1609 1115 fiir

145 1160 359 1196 wissensch.
399 1160 490 1196 crit.
518 1160 611 1195 1834
638 1161 667 1195 Ι.
698 1173 734 1207 p.
759 1160 847 1205 318)
885 1160 1088 1205 indicavit,
1125 1162 1222 1207 quod
1259 1164 1360 1209 apud
1387 1164 1608 1200 Ciceronem

145 1245 191 1278 de
224 1244 330 1280 Orat.
365 1244 425 1286 11,
459 1243 528 1285 71,
564 1242 635 1278 287
669 1238 988 1280 commemoratur
1011 1245 1064 1280 Μ.
1092 1246 1274 1283 Αιιῑίεῑίιιε
1302 1248 1530 1294 Pyrgensis,
1565 1259 1607 1283 cx

147 1328 284 1375 Pyrgis
312 1326 476 1370 colonia,
504 1338 616 1373 eques
639 1328 750 1363 Rom.
782 1319 877 1374 equo
902 1328 1066 1373 publico.

252 1457 392 1502 Scrib.
424 1456 610 1501 Hauniae
639 1458 760 1501 feriis
794 1459 961 1501 aestivis
995 1474 1033 1501 a.
1065 1457 1511 1504 MDCCCXXXIV.

344 1902 530 1947 Errores·
561 1903 826 1961 typographi
851 1903 1149 1946 animadversi
1174 1903 1242 1945 hle
1274 1905 1409 1945 Iocis:

499 1999 536 2027 P.
572 1998 607 2026 25
626 2005 656 2027 v.
678 1999 713 2025 18
732 2000 799 2035 post
813 1997 897 2032 fieri
915 1995 1027 2025 excidit
1046 1996 1197 2032 denique.

498 2057 533 2063 —
571 2044 606 2071 6⁴
626 2050 656 2071 v.
695 2045 713 2074 7
732 2045 881 2077 inserere
901 2043 923 2071 1.
943 2043 1104 2070 inserere.

499 2102 535 2110 -
572 2089 607 2116 9⁶
626 2096 656 2117 v.
693 2090 711 2116 4
732 2089 819 2116 Attii
836 2087 857 2115 l.
878 2087 980 2115 Ateii.

497 2147 534 2155 -—
558 2135 610 2162 192
626 2142 656 2162 v.
678 2135 712 2162 12
731 2134 870 2162 hominis
889 2134 912 2162 l.
931 2133 1087 2163 hominen.

497 2194 533 2200 —
565 2195 601 2201 —
628 2188 659 2209 v.
680 2182 716 2208 20
736 2188 807 2216 quoe
827 2178 846 2207 Ι.
868 2181 935 2216 qui.

500 2239 536 2246 —
555 2226 610 2253 282
628 2232 657 2254 v,
680 2225 715 2252 17
733 2234 788 2261 pro
809 2225 882 2253 331.
902 2225 947 2253 35.

496 2286 532 2294 —
550 2271 604 2300 33⁷
624 2279 654 2300 v.
674 2272 710 2300 24
728 2274 797 2308 post
818 2279 913 2308 quam
933 2270 1002 2301 add.
1025 2272 1148 2302 Cicero.

500 2334 536 2341 —
553 2319 609 2346 364
626 2327 656 2347 v.
694 2318 712 2346 5
731 2318 770 2347 ab
789 2318 848 2346 imo
867 2319 902 2346 ⁴16
922 2318 942 2347 1.
962 2319 1008 2348 66.

500 2379 536 2386 —
553 2365 607 2393 379
625 2372 655 2393 v.
695 2366 713 2393 4
733 2365 770 2394 ab
790 2365 849 2393 imo
869 2365 904 2393 14
923 2365 943 2394 1.
970 2366 1014 2394 16.

498 2426 534 2433 —
551 2412 605 2440 45³
624 2420 654 2441 v.
675 2412 709 2440 21
731 2421 787 2450 pro
807 2413 880 2442 441.
903 2414 950 2442 54.

500 2472 536 2479 —
554 2458 608 2486 477
626 2466 656 2487 v.
693 2458 711 2486 6
731 2459 936 2487 describeret
955 2459 976 2488 1.
996 2461 1172 2490 describat.

502 2505 662 2536 Praeterea
684 2512 705 2533 n
725 2507 756 2533 ct
778 2512 810 2539 u,
835 2514 850 2534 c
872 2509 903 2534 et
919 2514 936 2535 e
955 2506 1119 2544 aliquoties
1139 2509 1321 2538 commutata
1342 2511 1423 2535 c-unr.
