1981 3390
1453 212 1519 261 50

138 334 234 375 edd.
277 340 410 382 vett-3
463 332 546 372 etsi
590 329 742 372 malim
783 329 933 372 Graece
977 332 1167 388 exprimi
1196 332 1584 388 χειρονομοῦντα),

138 426 224 453 non
261 415 512 452 structorem
557 417 602 451 et
643 408 995 461 chironomunta,
1055 424 1196 466 neque
1248 424 1306 451 ex
1357 412 1586 465 participio

134 489 456 530 substantivum
497 487 739 529 inauditum
782 491 880 543 (pro
923 502 999 538 eo,
1041 488 1155 544 quod
1198 496 1265 529 est
1303 482 1584 545 25‘907'61110-0)

135 565 386 608 finxissent.
446 564 562 607 'Non
603 565 880 607 chironomus
929 565 1087 622 aliquis
1130 574 1288 621 praeter
1329 574 1587 608 structorem

135 644 448 694 adhibebatur,
487 643 636 699 (quale
673 646 788 686 enim
823 647 917 687 eius
957 652 1072 685 esset
1108 645 1152 685 in
1187 644 1268 686 hac
1301 660 1347 686 re
1382 660 1538 686 munus
1554 643 1585 699 4)

134 723 212 765 sed
246 731 431 764 structor
457 724 501 763 in
531 722 628 763 cibo
656 721 872 774 carpendo
905 717 1192 781 ἐχειρονό,ιιει.
1254 722 1366 764 Nam
1394 722 1475 774 Vl,
1501 725 1586 764 263

136 816 276 857 neque
314 801 368 842 ad
408 814 584 842 versum
613 813 754 856 neque
786 800 840 840 ad
871 803 1198 855 grammaticam
1229 809 1272 842 et
1306 803 1394 843 vim
1428 800 1584 844 verbo-

136 893 233 921 rum
266 879 566 929 attenderunt,
600 879 674 933 qui
703 878 748 917 in
779 876 848 917 his
881 876 1050 920 verbis:

1015 1001 1176 1050 quanta

314 1067 556 1127 poplitibus
588 1069 762 1122 sedeat,
793 1084 921 1126 quam
952 1070 1085 1118 denso
1116 1071 1254 1112 fascia
1281 1069 1410 1123 libro,

138 1197 213 1232 aut
238 1204 325 1232 non
353 1191 570 1242 viderunt,
602 1189 657 1231 ad
689 1203 839 1231 vocem
860 1189 1021 1240 fascia
1055 1188 1235 1232 verbum
1264 1204 1349 1231 non
1381 1191 1588 1232 omissum

139 1283 237 1310 esse
274 1283 429 1324 posse,
470 1268 585 1324 quod
626 1270 671 1309 iu
703 1267 921 1324 prioribus
954 1269 1160 1309 membris
1191 1270 1487 1324 exprimatur,
1523 1272 1592 1320 (ut

141 1345 323 1397 Weber,
355 1348 427 1402 qui
448 1346 829 1402 languidissimum
861 1347 935 1387 illi
959 1347 1079 1387 adsit
1100 1345 1225 1388 nobis
1253 1346 1478 1398 obtrudit‚)
1512 1348 1589 1388 sed

141 1426 426 1481 repetendum
470 1425 648 1475 sedeat,
691 1432 790 1476 aut,
835 1424 917 1465 hoc
948 1423 1197 1475 intellecto,
1231 1439 1315 1465 non
1348 1434 1592 1477 senserunt,

138 1517 224 1545 non
263 1518 393 1559 posse
425 1503 600 1544 diversa
639 1515 735 1543 esse
766 1501 894 1543 huius
929 1502 1053 1543 verbi
1083 1501 1303 1553 subiecta,
1350 1503 1426 1543 sed
1458 1518 1592 1544 unum

140 1581 372 1636 (fasciam),
405 1595 486 1623 nec
514 1579 694 1622 verbum
720 1582 864 1636 priore
891 1580 986 1622 loco
1018 1580 1146 1622 aliter
1176 1582 1293 1636 poni,
1323 1581 1478 1622 deinde
1504 1581 1591 1622 alio

140 1673 272 1702 sensu
311 1661 464 1715 repeti.
553 1658 706 1715 Itaque
748 1667 865 1701 recte
906 1658 1064 1701 Mauso
1102 1661 1147 1700 in
1179 1659 1276 1701 loeo
1316 1667 1465 1714 aperto
1510 1659 1592 1701 hoe

140 1739 227 1780 dici
256 1738 389 1780 vidit:
418 1743 596 1793 quanta,
628 1751 753 1793 quam
787 1738 918 1778 denso
950 1738 1076 1789 libro,
1095 1736 1256 1787 fascia
1284 1739 1434 1778 sedeat
1446 1740 1592 1793 popli-

140 1816 280 1868 tibus,
323 1824 370 1857 ut
397 1816 508 1857 illud
538 1822 703 1872 quanta
731 1817 886 1858 deinde
926 1815 1240 1872 aniplificetur3
1276 1831 1412 1871 ¹quem
1444 1825 1592 1857 contra

140 1897 203 1937 ita
234 1895 469 1951 Rupertius
511 1903 555 1936 et
587 1894 757 1937 Weber
795 1903 1015 1951 pugnant,
1051 1903 1097 1935 ut
1127 1909 1212 1936 non
1242 1894 1382 1935 solum
1418 1896 1470 1935 de
1499 1909 1593 1935 ver-

144 1972 297 2014 borum
339 1974 540 2014 iunctura
574 1972 686 2013 nihil
714 1973 887 2022 dicant,
927 1972 1002 2012 sed
1037 1987 1091 2012 ne
1124 1973 1168 2012 id
1196 1973 1366 2026 quidem
1395 1972 1592 2023 doceant,

144 2049 220 2090 ubi
257 2049 497 2104 poplitibus
544 2049 695 2089 sedere
738 2051 795 2089 sit
836 2048 1078 2103 poplitibus
1120 2062 1166 2089 se
1207 2053 1434 2103 excipere,
1488 2052 1590 2102 (etsi

144 2126 328 2178 Weber,
358 2126 459 2182 quid
488 2125 624 2167 verba
656 2125 920 2182 significent,
951 2128 1174 2183 ignorans,
1202 2128 1374 2169 videtur
1395 2130 1590 2184 accipere

146 2219 226 2260 pro
261 2218 329 2255 eo,
359 2204 471 2259 quod
504 2212 569 2245 est
601 2210 719 2245 stare
746 2208 941 2259 proiecto
968 2205 1126 2258 pede,)
1157 2219 1237 2246 nec
1265 2207 1483 2261 cogitent,
1523 2209 1596 2263 qui

145 2283 228 2324 hoc
259 2290 374 2323 statu
406 2290 605 2334 utantur,
636 2281 892 2323 contrahere
926 2296 973 2323 se
1006 2297 1055 2324 ac
1086 2285 1274 2325 minores
1306 2284 1472 2336 facere,
1506 2300 1591 2327 non

144 2364 211 2414 (ut
241 2361 309 2402 illi
330 2369 505 2402 narrant
530 2368 573 2402 et
595 2375 771 2402 narrare
790 2368 1003 2418 coguntur
1026 2371 1200 2418 propter
1233 2377 1383 2404 vocem
1411 2369 1593 2418 qncmla)

145 2439 338 2482 extendi.
423 2438 683 2481 Gravissimi
733 2455 791 2482 ex
842 2439 959 2482 mala
1003 2439 1235 2482 verborum
1288 2445 1591 2485 coniunctione

144 2532 315 2560 errores
347 2519 431 2559 orti
462 2527 563 2560 sunt
598 2519 645 2560 in
683 2521 878 2576 septimae
907 2520 1052 2562 satirae
1084 2534 1125 2561 v.
1154 2520 1236 2563 175
1267 2534 1384 2577 sqq.,
1425 2521 1499 2563 ubi
1533 2523 1592 2563 ita

144 2599 350 2654 scriptum
384 2604 473 2639 est:

1050 2674 1209 2727 Teuta,

267 2751 578 2808 Chrysogonus
612 2755 761 2809 quanti
791 2754 970 2806 doceat,
1006 2754 1071 2796 oel
1108 2755 1250 2797 Pollio
1284 2758 1431 2810 quanli

267 2829 504 2874 Lautorum
537 2847 708 2888 pueros,
742 2841 878 2876 artem
910 2834 1110 2876 scindens
1145 2834 1380 2877 Theodori.
