1981 3390
1456 208 1548 276 107

183 349 270 391 bile
305 349 441 390 videri
473 348 517 387 in
547 345 669 387 Attio
698 343 807 385 illud
838 343 1051 388 scribendi
1085 357 1248 399 genus,
1282 357 1366 385 non
1396 346 1614 394 mirabile;

183 428 310 483 idque
350 425 486 479 magis
527 423 657 463 etiam
702 420 956 476 apparebit,
1000 422 1038 462 si
1078 422 1307 472 addidero,
1350 423 1463 463 circa
1505 422 1615 463 illud

180 506 319 560 ipsum
356 509 523 555 teinpus
561 498 762 540 similiter
793 499 845 540 de
875 501 1020 554 poesis
1051 498 1255 550 historia,
1293 500 1369 541 sed
1404 499 1616 549 versibus,

179 580 312 622 alium
345 584 516 632 poetam
544 578 794 632 scripsisse,
826 579 967 618 minus
999 591 1112 618 nunc
1139 585 1303 618 notum.
1367 576 1409 618 ls
1438 577 1616 618 Porcius

178 664 243 697 est
275 655 486 705 Licinius,
519 655 640 695 cuius
669 654 722 695 de
755 655 890 695 initiis
924 656 1067 709 poesis
1097 653 1301 695 Romanae
1325 669 1477 696 versus
1508 655 1616 696 duos

176 732 417 774 trochaicos
448 739 721 772 tetrametros
751 731 1025 773 catalecticos
1053 731 1221 773 Gellius
1240 733 1343 774 citat
1361 732 1438 774 lib.
1462 730 1614 782 XVII,

176 811 258 860 21,
302 810 374 864 qui
414 823 474 849 ex
504 808 655 849 eodem
685 823 815 863 opere
858 810 1017 863 sumpti
1049 823 1144 849 esse
1174 809 1396 860 videntur,
1437 823 1496 850 ex
1531 823 1614 864 quo

178 901 331 928 versus
376 884 618 940 complures
657 885 850 924 eiusdem
876 886 1049 939 generis
1078 885 1130 925 de
1163 886 1210 926 P.
1244 885 1454 926 Terentio
1488 894 1615 940 poeta

174 964 414 1004 afferuntur
451 963 497 1001 in
527 961 726 1002 Suetonii
766 961 857 1000 vita
888 959 1100 1015 Terentii.
1159 960 1201 1002 Is
1233 961 1455 1012 Licinius,
1487 975 1613 1016 quem

172 1036 392 1088 Baehrius,
420 1035 557 1087 aliOS,
589 1044 637 1077 ut
657 1035 735 1089 fit,
761 1038 932 1078 incaute
956 1046 1128 1078 secutus
1139 1040 1200 1094 (p.
1217 1038 1614 1102 241,p.321ed.2)·,

173 1114 356 1155 eundem
386 1114 571 1155 fortasse
602 1128 698 1156 esse
725 1123 848 1170 putat
880 1129 930 1156 ac
955 1115 1154 1156 Porcium
1179 1116 1397 1167 Licinum,
1432 1131 1549 1157 cons.
1573 1131 1612 1157 a.

171 1193 255 1232 570
285 1193 418 1233 s.184
445 1192 548 1247 (quo
583 1206 696 1233 anno
729 1192 910 1233 Plautus
945 1201 1139 1234 mortuus
1165 1195 1263 1249 est),
1296 1210 1321 1237 a
1344 1192 1506 1245 Gellio,
1540 1194 1613 1249 qui

173 1270 267 1309 eius
288 1270 554 1324 epigramma
574 1269 651 1311 lib.
672 1269 807 1320 XIX,
825 1272 854 1310 9
883 1271 1026 1321 affert,
1051 1270 1105 1320 Q.
1116 1270 1292 1312 Lutatio
1327 1275 1432 1324 (cos.
1462 1273 1546 1312 652
1578 1286 1613 1312 s.

174 1343 272 1400 102)
294 1351 572 1401 praeponitur.
636 1347 870 1402 Scripsisse
894 1361 991 1387 eum
1011 1338 1088 1388 illa
1103 1348 1154 1388 de
1166 1347 1375 1390 Terentio
1390 1349 1613 1404 aliquanto

172 1432 270 1478 post
297 1424 390 1464 eius
428 1432 635 1475 mortem,
684 1432 803 1480 patet
841 1438 902 1464 ex
943 1439 994 1465 eo
1025 1426 1177 1476 modo,
1215 1441 1298 1481 quo
1340 1426 1612 1478 Africanum,

171 1499 380 1551 Laelium,
423 1501 601 1542 Furium
630 1503 984 1543 commemoravit
1012 1501 1141 1552 (Tres
1164 1517 1247 1558 per
1279 1504 1330 1544 id
1349 1509 1512 1558 tempus
1540 1508 1617 1559 qui

173 1577 406 1634 agitabant
444 1578 609 1620 nobiles
633 1578 890 1632 facillume)
910 1579 965 1632 1).
1034 1579 1159 1621 Libri
1188 1595 1344 1621 nomen
1373 1586 1613 1637 ignoratur.

175 1654 284 1696 Nam
298 1655 410 1711 quod
421 1656 482 1698 W
485 1655 648 1698 eichert
663 1657 716 1698 de
720 1661 865 1712 poetis
878 1656 1144 1713 appellatum
1159 1658 1324 1710 scribit,
1350 1667 1504 1700 testem
1530 1673 1615 1699 nou

174 1732 326 1782 habet3
365 1734 536 1775 videtur
565 1734 618 1775 de
650 1732 806 1776 similis
839 1737 1083 1791 argumenti
1120 1736 1233 1779 libro
1266 1736 1462 1779 Vulcatii
1491 1736 1614 1778 Sedi-

172 1812 253 1866 giti
284 1813 524 1867 cogitasse,
565 1811 779 1863 hominis,
822 1821 871 1854 ut
906 1813 1074 1854 Plinius
1115 1814 1307 1870 appellat
1342 1814 1475 1866 (Hist.
1510 1812 1612 1854 Nat.

175 1887 259 1939 Xl,
286 1889 375 1941 99),
408 1888 594 1931 illustris
622 1892 666 1931 in
692 1892 886 1946 poetica3
917 1893 956 1932 is
986 1893 1101 1932 enim
1134 1893 1196 1932 ita
1225 1890 1614 1938 inscribebatur2>.

266 1988 432 2031 quaedam
466 1989 504 2023 in
526 1990 664 2023 Lucilii
683 1991 806 2024 satiris
834 1991 937 2032 dico,
971 2003 1031 2025 me
1056 1992 1114 2025 illi
1138 1992 1346 2035 praeferam.
1402 1991 1478 2024 Nec
1504 1989 1614 2022 aliter

264 2048 381 2081 verba
413 2047 578 2094 intelligi
610 2050 858 2093 grammatica
891 2051 988 2084 ratio
1022 2051 1129 2091 sinit3
1175 2055 1216 2084 ut
1250 2051 1347 2084 enim
1384 2050 1535 2090 demus,
1575 2048 1613 2082 in

264 2108 356 2141 duas
381 2108 580 2142 sententias
604 2120 754 2143 versum
780 2111 939 2145 distrahi
959 2115 995 2145 et
1010 2111 1177 2157 suppleri
1194 2123 1299 2155 posse
1316 2110 1486 2154 loquitur,
1514 2113 1614 2142 certe

267 2167 389 2202 omitti
413 2179 484 2201 non
512 2172 658 2212 poterat
685 2171 892 2214 pra-positio
916 2176 1002 2206 ante
1017 2183 1144 2206 vocem
1160 2172 1304 2205 maiore.
1354 2172 1493 2204 Verum
1511 2169 1613 2203 vide-

264 2231 351 2261 rant
374 2227 586 2272 superiores
614 2228 861 2274 interpretes,
900 2241 923 2265 a
955 2232 1088 2276 quibus
1115 2243 1228 2276 quum
1259 2234 1354 2265 esset
1387 2231 1466 2265 sine
1500 2241 1612 2264 causa

263 2286 477 2330 discessum,
503 2300 612 2322 ncmo
638 2290 683 2323 nd
710 2290 908 2325 veritatem
932 2292 1054 2326 redire
1081 2303 1190 2327 ausus
1211 2296 1278 2334 est,
1303 2291 1375 2326 nisi
1393 2292 1491 2337 quod
1510 2292 1612 2327 Wie-

263 2347 398 2382 landus
422 2358 506 2382 eam
529 2354 677 2384 secutus
702 2354 769 2384 est.

199 2407 246 2451 ¹)
264 2407 457 2443 Weichcrt
482 2410 546 2453 (de
574 2410 717 2444 Licinio
744 2411 861 2446 Calvo
895 2425 929 2458 p.
956 2412 1042 2458 138)
1077 2413 1263 2450 iuniorem
1297 2414 1467 2449 Terentii
1491 2427 1612 2460 aequa-

262 2469 339 2502 lem
361 2469 478 2503 fuisse
501 2471 723 2515 suspicatur.
781 2473 862 2507 Non
891 2478 945 2508 est
971 2475 1082 2509 huius
1113 2476 1187 2510 loci
1213 2488 1396 2521 quaercrc,
1430 2477 1524 2511 sitne
1550 2478 1612 2511 hic

261 2528 528 2575 intelligendus
555 2532 654 2577 apud
679 2533 755 2567 Cic.
785 2534 831 2568 de
853 2535 933 2569 Fin.
961 2536 995 2577 1,
1019 2536 1053 2577 3,
1081 2537 1176 2581 quod
1199 2538 1395 2581 probabile
1418 2550 1507 2572 saue
1536 2544 1612 2580 est;

264 2600 285 2623 e
319 2590 436 2625 Plinii
467 2591 566 2627 libro
600 2593 737 2628 citatur
767 2604 790 2628 a
825 2595 996 2646 charisio
1032 2598 1060 2630 Ι.
1086 2610 1121 2642 p.
1147 2597 1236 2639 103,
1270 2598 1442 2643 idemque
1466 2599 1613 2633 videtur

267 2661 347 2685 esse
380 2652 536 2688 Porcius
577 2664 600 2689 a
628 2656 796 2690 varrone
821 2655 955 2692 citatus
981 2657 1027 2692 de
1051 2658 1093 2692 L.
1118 2659 1158 2693 L.
1185 2659 1234 2693 v1
1261 2673 1295 2704 p.
1323 2660 1391 2693 100
1416 2661 1457 2694 B.
1526 2661 1611 2703 (vlt

265 2722 301 2755 p.
327 2710 397 2746 38⁰
421 2712 503 2757 Sp.)

199 2769 237 2811 ²)
265 2770 416 2807 Profert
438 2773 582 2819 aliquot
599 2776 764 2811 Vulcatii
788 2787 916 2812 versus
935 2778 1080 2813 Gellius
1103 2781 1181 2823 XV,
1209 2780 1267 2822 21,
1295 2781 1387 2816 alios
1413 2782 1610 2818 Suetonius

268 2830 305 2865 in
330 2831 406 2868 vita
430 2833 611 2871 Terentii.
686 2837 758 2872 Sed
792 2841 938 2883 quando
968 2839 1120 2880 vixerit,
1158 2840 1339 2878 incertum
1367 2848 1444 2884 est;
1480 2854 1609 2888 quam·
