1981 3390
806 854 963 917 ΧΠ.

155 1020 244 1073 De
307 1017 682 1071 emendandis
741 1014 1035 1069 Ciceronis
1097 1015 1451 1070 orationibus
1509 1032 1612 1088 pro

230 1131 300 1184 Ρ.
322 1129 508 1185 Sestio
534 1138 589 1183 et
613 1131 677 1184 in
697 1129 766 1183 P.
786 1131 1086 1185 Vatinium
1115 1129 1426 1200 disputatio
1458 1139 1474 1161 ¹
1491 1125 1527 1195 ).

809 1281 994 1289 μ’-

157 1346 270 1433 De
314 1387 614 1429 emendatione
651 1388 895 1428 orationum
939 1386 1242 1430 Tullianarum
1282 1401 1360 1442 pro
1391 1387 1438 1428 P.
1469 1387 1612 1429 Sestio

161 1477 204 1509 et
236 1470 279 1508 in
309 1467 357 1507 Ρ.
386 1465 613 1506 Vatinium
645 1465 802 1505 dicturi
832 1473 931 1505 ante
965 1467 1110 1506 onmia
1144 1466 1389 1505 universam
1421 1464 1615 1505 codicum

160 1544 575 1596 manuscriptorum,
617 1543 691 1596 qui
730 1550 985 1596 supersunt,
1029 1544 1240 1583 rationem
1279 1540 1615 1595 explicabimus,

160 1635 244 1677 qua
287 1620 493 1674 exposita
531 1627 574 1658 et
615 1633 691 1668 ea,
735 1632 828 1673 quae
862 1618 916 1659 ab
959 1618 1059 1659 aliis
1097 1633 1234 1673 nuper
1264 1619 1308 1657 in
1342 1618 1486 1673 priore
1519 1631 1616 1658 ora-

160 1699 277 1738 tione
310 1695 577 1737 emendanda
606 1697 799 1749 praestita
829 1703 955 1746 sunt,
986 1694 1357 1736 confirmabuntur
1390 1702 1433 1735 et
1464 1694 1517 1734 ad
1549 1709 1615 1744 ea,

161 1788 254 1830 quae
283 1780 463 1822 restant,
497 1773 568 1812 via
589 1773 820 1813 munietur.
869 1771 981 1813 Nam
1013 1780 1055 1812 et
1083 1772 1184 1827 quid
1214 1773 1257 1811 in
1288 1770 1364 1812 illa
1390 1780 1616 1826 praeterea,

160 1853 204 1891 in
222 1850 459 1891 Vatiniana
474 1857 616 1888 autem
637 1849 828 1899 omnino,
851 1863 874 1888 e
892 1848 1112 1889 codicibus
1131 1849 1242 1888 sumi
1258 1849 1409 1902 possit,
1436 1847 1616 1903 patebit,

162 1935 205 1968 et
234 1926 337 1982 quid
371 1925 570 1974 aliunde,
618 1925 699 1965 hoc
730 1933 819 1975 est,
865 1925 1145 1965 coniectando
1189 1926 1433 1965 necessario
1466 1933 1617 1977 peten-

161 2006 261 2045 dum
300 2005 382 2053 sit,
426 2011 492 2052 et,
536 2016 618 2057 quo
660 2016 712 2042 ea
742 2002 990 2041 coniectura
1019 2001 1298 2041 fundamento
1339 2002 1419 2040 niti
1450 2000 1620 2041 debeat.

162 2079 274 2122 Nam
308 2093 437 2134 quum
467 2079 614 2132 plures
654 2079 952 2120 recentissimo
992 2087 1185 2132 tempore
1228 2078 1271 2117 in
1314 2078 1508 2118 oratione
1540 2078 1618 2119 Se-

162 2159 304 2198 stiana
337 2155 687 2206 elaboraverint,
736 2169 885 2195 eorum
927 2155 1038 2204 duo,
1084 2154 1138 2195 Ο.
1175 2153 1238 2195 Μ.
1277 2152 1442 2194 Miiller
1485 2162 1528 2194 et
1564 2154 1620 2195 A.

162 2233 392 2283 Matthiae,
427 2232 537 2272 alter
571 2231 804 2272 infeliciter
835 2233 1026 2271 criticam
1054 2239 1218 2286 partem
1250 2232 1476 2282 tractavit,
1507 2230 1618 2272 alter

163 2325 296 2366 prope
331 2324 415 2350 non
436 2311 594 2363 attigit,
626 2323 679 2349 ne
704 2310 740 2348 is
774 2308 943 2363 quiden)
979 2308 1122 2359 valde,
1155 2317 1202 2348 ut
1229 2309 1414 2358 videtur,
1449 2322 1620 2358 curans,

165 2402 292 2443 quam
324 2395 483 2427 certam
515 2387 817 2426 auctoritatem
857 2400 908 2426 ea
940 2387 1152 2440 scriptura
1190 2385 1393 2436 haberet,
1437 2398 1530 2440 quoe
1562 2384 1617 2426 ab

164 2465 363 2506 Ernestio
397 2463 556 2504 leviter
589 2464 814 2517 recognita
858 2461 991 2517 vulgo
1026 2463 1398 2510 circumferretur;
1452 2463 1621 2511 tertius,

165 2541 390 2582 Eduardus
404 2540 670 2589 qunderus,
694 2541 760 2580 vir
782 2540 1073 2589 doctissimus,
1100 2540 1158 2591 id,
1189 2540 1301 2595 quod
1323 2540 1409 2580 iam
1424 2538 1619 2580 Orellius

167 2620 209 2658 in
242 2618 433 2657 editione
460 2615 683 2657 Ciceronis
716 2631 894 2671 operum
936 2624 1154 2668 senserat,
1195 2616 1422 2671 perspexit
1449 2613 1623 2663 clarius,

170 2702 433 2748 quantopere
470 2695 715 2745 superiores
760 2693 947 2734 editores
984 2695 1027 2734 in
1066 2693 1274 2749 ponendis
1309 2690 1622 2731 emendationis

195 2805 232 2845 ²)
260 2802 369 2836 Edita
399 2801 608 2846 tripartito,
655 2803 776 2847 prium
812 2814 896 2847 para
932 2813 953 2837 a
989 2802 1100 2844 1833,
1138 2803 1298 2837 secunda
1337 2804 1372 2834 ct
1406 2798 1516 2834 tertia
1553 2799 1623 2832 hoc

260 2874 340 2906 ipso
368 2873 477 2896 anno.
