1981 3390
1477 292 1576 341 387

197 415 406 458 Goellero
449 420 666 469 repertum
711 408 818 461 (vid.
859 407 1004 450 Goell.
1045 417 1143 464 post
1190 408 1290 450 Liv.
1330 408 1405 450 lib.
1437 412 1647 454 xxxnl

194 509 237 550 p.
268 494 371 543 321)
412 488 671 532 dubitationi
713 485 956 527 obnoxium
996 500 1082 527 non
1129 494 1210 527 est.
1284 485 1390 528 llaec
1420 501 1550 542 quum
1589 491 1649 529 ita

196 570 308 619 siut,
356 569 451 622 quis
489 578 621 606 sanus
661 578 714 605 ex
761 578 813 604 ea
854 572 976 619 parte
1011 563 1153 613 Liuii,
1189 577 1283 620 quoe
1323 566 1479 617 partim
1511 564 1647 606 solius

196 646 400 688 editionis
433 642 705 698 Moguutinae
752 640 850 691 (lib.
893 640 980 682 XL
1012 656 1037 682 a
1077 655 1112 682 c.
1146 643 1202 682 37
1233 642 1286 682 ad
1326 639 1421 692 fin.)
1461 645 1646 684 auctori-

194 730 282 763 tate
313 722 490 770 nititur,
533 731 626 775 quw
666 733 794 774 quain
837 718 995 759 multos
1028 718 1185 759 habeat
1226 718 1403 774 legendi
1433 728 1475 760 et
1508 719 1647 775 negli-

193 801 351 856 genua:
382 811 578 847 errores,
613 797 655 836 in
687 794 798 836 libro
828 794 1042 837 XXXIII
1075 796 1335 851 patefactum
1370 806 1457 848 est,
1489 800 1645 853 partim

195 876 333 917 solius
365 876 525 917 codicis
554 873 932 915 Laurishamcnsis
963 882 1006 912 ct
1034 873 1146 914 male
1177 875 1322 915 affecti
1353 887 1430 914 nec
1461 873 1648 930 diligen-

196 955 365 994 tissime
397 951 580 993 adhibiti
621 965 700 992 nec
731 952 775 991 in
807 945 948 1004 prima
988 949 1177 990 editione
1219 959 1416 991 accurate
1450 954 1648 1006 expressi

194 1029 279 1071 fide
319 1029 415 1085 (lib.
449 1027 559 1070 XLI
590 1028 643 1068 ad
677 1024 798 1079 fin.)‚
835 1027 952 1082 quis,
984 1027 1185 1081 inquam,
1225 1026 1325 1069 hinc
1351 1027 1528 1068 obiiciet
1559 1037 1647 1070 tres

192 1108 300 1148 istos
332 1105 451 1146 locos
482 1104 595 1156 XL,
639 1106 718 1155 49,
751 1103 910 1155 XLII,
938 1104 991 1154 5,
1025 1103 1182 1154 XLII,
1214 1104 1298 1145 433
1362 1103 1417 1144 Et
1445 1104 1647 1161 Kreyssi-

193 1185 319 1239 gius,
368 1183 441 1237 qui
482 1183 673 1223 codicem
703 1180 1114 1222 Lam-ishameusem
1155 1182 1295 1222 denuo
1335 1181 1557 1234 adhibuit,
1601 1186 1646 1224 in

192 1258 350 1308 XLII,
392 1260 421 1299 5
458 1261 658 1301 mendum
705 1259 909 1314 reliquit,
950 1259 1026 1299 sed
1065 1259 1110 1300 in
1155 1273 1191 1300 c.
1231 1261 1287 1300 43
1318 1259 1517 1311 sustulit,
1565 1260 1646 1302 boc

195 1345 312 1378 certe
346 1349 403 1376 ex
435 1336 596 1377 codice.
671 1336 832 1377 Eadem
873 1349 1052 1390 prorsus
1093 1345 1159 1376 est
1200 1338 1309 1377 ratio
1343 1336 1464 1377 Vell.
1496 1338 1644 1378 Pater-

195 1413 282 1454 culi
313 1412 355 1454 ΙΙ
370 1443 381 1463 ,
414 1413 470 1454 59
503 1414 584 1464 (ad
615 1413 897 1454 erudiendum
935 1412 1190 1454 liberalibus
1222 1413 1466 1467 disciplinis
1495 1419 1643 1470 stregu-

195 1491 304 1531 lare's
333 1491 518 1530 indolem
553 1494 757 1544 invenis),
790 1492 862 1546 qui
887 1504 970 1531 non
994 1492 1232 1546 singularis·
1255 1491 1440 1532 indolem
1460 1496 1645 1544 iuvenis,

192 1567 269 1608 sed
317 1569 417 1607 usui
457 1569 767 1608 convenienter
816 1569 1059 1622 singulares
1102 1567 1263 1608 indolis
1311 1573 1507 1610 iuvenem
1552 1572 1646 1620 (aut

188 1646 364 1686 inverso
396 1644 547 1684 ordine
570 1645 809 1699 singularis
838 1648 1034 1685 iuvenem
1060 1645 1241 1698 indolis)
1270 1647 1493 1699 scripsisse
1523 1646 1646 1688 vide-

190 1730 274 1763 tur.
338 1720 480 1762 Multo
512 1721 652 1776 magis
683 1721 786 1772 haec,
819 1735 914 1777 quae
945 1722 1040 1762 dixi
1072 1722 1123 1763 de
1156 1731 1281 1763 textu
1306 1724 1566 1778 scriptorum
1591 1725 1643 1765 ad

192 1799 362 1840 codices
395 1812 481 1838 non
512 1806 695 1849 exacto,
737 1799 1036 1840 transferenda
1079 1808 1179 1855 sunt
1220 1801 1272 1840 ad
1309 1798 1420 1841 alios
1464 1803 1645 1856 scripto·

191 1890 277 1918 res.
341 1875 478 1917 Velut
508 1875 620 1931 quod
656 1889 785 1916 unum
809 1874 929 1916 Celsi
955 1874 1097 1917 locum
1129 1876 1206 1927 (V,
1237 1878 1307 1927 26,
1338 1878 1409 1927 36)
1439 1878 1643 1929 afferunt,

190 1969 236 2015 in
271 1968 354 2008 quo
388 1953 467 1993 sit:
503 1952 564 1993 acl
599 1951 883 1993 inducendum
919 1956 1191 2004 cicatricem,
1232 1955 1326 2008 quis
1359 1955 1402 1994 iu
1429 1953 1506 1996 illo
1540 1957 1644 1996 scri—

189 2040 313 2084 ptore
343 2030 397 2070 ad
428 2029 674 2070 huiusmodi
706 2043 796 2070 rem
827 2030 1009 2070 attendit
1035 2044 1085 2070 ac
1111 2044 1194 2071 non
1219 2033 1493 2086 propagavit,
1529 2034 1642 2088 quod

192 2121 295 2149 casu
338 2121 392 2147 an
437 2119 496 2147 ex
538 2107 666 2146 unius
700 2106 858 2147 codicis
898 2107 1052 2147 mendo
1093 2108 1136 2147 in
1182 2109 1366 2161 primam
1408 2109 1641 2151 editionem

195 2183 418 2226 venisset}
483 2182 646 2223 Eadem
679 2192 744 2223 est
775 2184 951 2224 Senecae
984 2185 1110 2235 ratio,
1143 2186 1264 2225 cuius
1295 2182 1402 2226 item=
1428 2187 1472 2226 in
1506 2188 1643 2227 omni-

191 2261 272 2302 bus
320 2259 524 2315 operibus
567 2275 677 2301 unus
715 2262 928 2316 reperitur
969 2260 1091 2302 locus
1129 2264 1369 2304 contrarius
1408 2263 1461 2304 de
1490 2262 1642 2305 Bencf.

190 2338 236 2388 l,
268 2340 308 2378 1.
370 2337 520 2393 ltaque
553 2337 692 2378 sicubi
725 2338 894 2379 codices
924 2339 1236 2394 inspiciuntur,
1281 2355 1431 2381 verum
1473 2342 1641 2381 inveni-

190 2423 274 2456 tur.
351 2413 521 2455 Citatur
565 2430 590 2455 a
623 2414 924 2457 Ruddimanno
959 2415 1019 2469 (II
1050 2432 1090 2472 p.
1126 2418 1210 2457 252
1243 2426 1331 2458 not.
1359 2418 1426 2459 ed.
1466 2417 1641 2470 Stallb.)

189 2506 249 2533 ex
280 2489 434 2532 Manil.
474 2490 653 2533 Astron.
694 2491 736 2543 I,
779 2495 835 2534 10
865 2493 925 2534 ad
961 2499 1086 2535 tutela
1116 2495 1379 2546 canendecm3
1426 2496 1527 2546 sed,
1569 2499 1641 2551 qui

189 2569 281 2610 fere
317 2567 437 2609 solus
468 2571 511 2610 in
547 2584 599 2610 eo
631 2579 759 2625 poeta
792 2570 1012 2612 codicibus
1051 2585 1155 2612 usus
1194 2581 1285 2623 est,
1328 2571 1547 2627 Scaliger,
1582 2587 1640 2612 cx

191 2645 354 2699 optimo
387 2640 692 2688 Gemblacensi
722 2647 976 2704 duobusque
1009 2649 1108 2690 aliis
1140 2650 1336 2690 canenda
1378 2649 1533 2697 edidit,
1574 2662 1640 2688 re-

191 2730 343 2776 cteque
375 2718 599 2763 Bentleius
633 2732 675 2766 et
706 2724 888 2766 Stoeber
920 2727 1205 2767 retinuerunt.
1266 2726 1387 2767 Unus
1424 2733 1488 2765 cst
1520 2723 1640 2765 locus

191 2798 413 2853 scriptoris
443 2797 575 2853 paulo
606 2799 857 2855 diligentius
889 2786 1082 2854 tractati,
1126 2806 1168 2844 in
1199 2817 1280 2858 quo
1315 2801 1424 2842 nibil
1454 2809 1639 2851 notetur,

192 2875 392 2916 Suetonii
428 2877 471 2915 in
503 2874 654 2916 Claud.
686 2878 742 2917 26
768 2879 847 2928 (ud
877 2879 1113 2922 ducendum
1147 2894 1239 2921 eam
1274 2882 1487 2930 uxorem).
1556 2879 1641 2920 Sed

1318 2959 1377 2993 25·
