1981 3390
421 240 521 290 352

352 360 490 402 Paulo
543 358 757 413 insignior
809 358 1052 402 emendatio
1105 359 1302 401 facienda
1345 367 1410 402 est
1458 357 1650 401 eiusdem
1696 359 1798 402 libri

354 451 391 478 c.
419 439 498 487 49,
528 438 634 486 121,
668 435 740 476 ubi
772 436 825 476 de
858 435 1130 477 senatoribus
1157 438 1201 476 in
1232 435 1394 477 Siciliae
1425 435 1674 476 civitatibus
1702 442 1800 491 pre·

353 515 413 553 tio
447 527 472 553 a
500 512 640 553 Verre
673 513 799 551 factis
830 512 920 551 haec
959 511 1187 565 leguntur:
1231 513 1508 565 (cognoscere
1544 515 1798 566 palmento:

356 593 596 643 quicunque
629 592 803 626 senator
841 587 1025 626 voluerit
1039 586 1174 636 fieri,
1217 593 1409 641 quamvis
1433 602 1559 641 puer,
1607 591 1800 644 quamvis

354 665 584 717 indignus,
616 666 808 716 quamvis
840 674 898 702 ex
926 674 974 702 eo
1009 663 1130 710 loco,
1168 674 1227 702 ea:
1260 677 1338 716 qno
1370 677 1454 703 non
1487 666 1652 714 liceret,
1693 668 1734 705 εἰ
1762 668 1800 704 2'8

351 744 493 793 prelio
528 739 644 791 apud
672 742 798 778 istum
818 738 960 786 fieret
987 738 1181 787 idonens,
1215 744 1266 778 ut
1291 743 1495 789 vinceret,
1511 739 1689 789 sactum
1712 753 1801 781 esse

353 829 531 869 semper.
613 813 811 855 offendit
852 817 1035 869 primum
1081 816 1176 869 ipsa
1217 814 1447 856 verborum
1492 816 1801 865 redundantia;

356 893 456 947 quid
489 900 554 931 est
584 892 698 931 enim
731 891 849 931 aliud
878 892 1059 932 idoneus
1073 890 1236 941 fieret,
1269 897 1321 931 ut
1345 895 1563 942 vinceret,
1593 893 1677 932 nisi
1706 895 1802 933 vin-

355 969 503 1008 cerel?
532 969 595 1017 is,
624 981 750 1021 quem
785 959 1011 1021 Zumptius
1044 969 1187 1008 inesse
1216 976 1353 1020 putat,
1387 967 1508 1023 lepos
1537 970 1715 1019 inesset,
1746 970 1800 1019 si,

354 1045 525 1083 omissis
558 1044 652 1082 istis
682 1049 732 1082 ut
759 1047 976 1093 vinceret,
1020 1053 1158 1084 esset:
1180 1048 1325 1097 pretio
1363 1045 1482 1097 apud
1509 1048 1635 1086 istum
1661 1045 1804 1094 fieret

353 1121 534 1160 idoneus
567 1120 883 1173 (magistratui,
913 1122 981 1160 cui
1009 1121 1216 1172 capiendo
1249 1120 1412 1175 aliquin
1446 1135 1530 1162 non
1560 1131 1676 1162 esset
1707 1123 1801 1163 ido-

354 1201 496 1245 neus).
558 1196 728 1236 Deinde
762 1197 832 1236 hic
869 1196 991 1236 locus
1030 1204 1094 1235 est
1135 1210 1246 1236 unus
1282 1198 1325 1237 in
1356 1196 1578 1237 Ciceronis
1615 1199 1801 1253 scriptis,

355 1275 400 1313 in
431 1286 514 1327 quo
541 1273 719 1312 idoneus
749 1279 798 1312 vt
824 1273 1011 1320 dicatur-3
1039 1287 1137 1312 nam
1165 1280 1272 1312 orat.
1302 1287 1380 1327 pro
1398 1272 1526 1313 Dom-
1554 1288 1590 1313 ο.
1614 1275 1667 1313 51
1687 1282 1801 1315 extr.

355 1351 410 1390 in·
431 1362 654 1389 numerum
696 1362 782 1388 non
815 1350 979 1397 refero3
1021 1362 1276 1404 quamquam
1311 1351 1347 1389 is
1380 1350 1500 1390 locus
1536 1349 1803 1405 singularem

358 1425 490 1467 habet
538 1438 739 1475 causam,
790 1433 966 1480 propter
1007 1440 1133 1481 quam
1172 1427 1234 1466 ita
1273 1426 1433 1466 dictum
1463 1418 1618 1467 vvideri
1660 1435 1802 1482 queat.

357 1503 449 1545 Nec
491 1503 648 1556 dignus
684 1503 744 1542 ita
784 1504 957 1556 ponitur
998 1503 1111 1557 apud
1153 1502 1430 1553 Ciceronem,
1471 1502 1655 1544 etssest
1691 1504 1804 1558 apud

358 1580 549 1620 Livium.
605 1578 672 1619 Ad
706 1578 795 1618 haec
828 1592 957 1632 quum
989 1580 1177 1628 accedat,
1211 1587 1257 1618 ut
1287 1581 1332 1619 in
1365 1580 1537 1633 optimis
1566 1579 1800 1630 codicibus,

357 1655 613 1704 Nanniano,
652 1653 932 1714 Metelliano,
969 1655 1357 1710 Lagomarsiniano
1386 1657 1466 1705 42,
1508 1670 1647 1710 neque
1664 1655 1807 1703 fieret

356 1747 495 1787 neque
530 1737 579 1771 ut
608 1730 803 1784 legatur,
842 1732 905 1784 (in
938 1730 1153 1771 Vaticano
1171 1731 1312 1779 fieret
1340 1733 1574 1782 omittitur,
1615 1732 1690 1771 sed
1724 1745 1802 1786 pro

357 1815 407 1849 nt
430 1807 630 1849 scribitur
647 1813 703 1857 et,
725 1806 934 1856 intribus,
958 1809 1031 1861 qui
1054 1807 1241 1861 aliquam
1262 1821 1356 1847 cum
1379 1807 1630 1848 melioribus
1645 1822 1803 1862 cogna-

357 1887 517 1925 tionem
538 1882 713 1934 habent,
738 1891 852 1924 certe
883 1889 929 1924 nt
947 1880 1102 1937 abest),
1126 1897 1254 1938 quum
1276 1883 1372 1935 hoe,
1395 1886 1584 1938 inquam,
1614 1884 1802 1935 accedat,

447 2043 554 2065 verse
584 2032 629 2064 dc
654 2042 695 2065 re
721 2030 891 2064 iudiciali
921 2029 1136 2075 exponitur,
1178 2041 1208 2063 c.
1238 2028 1305 2071 13,
1340 2029 1406 2070 31,
1431 2030 1506 2064 dixi
1531 2030 1567 2063 in
1595 2041 1679 2076 app.
1706 2031 1799 2076 disp.

447 2093 492 2125 de
517 2093 648 2126 Ascon.
676 2104 710 2135 p.
740 2092 807 2133 433
837 2091 962 2136 attigit
990 2090 1101 2124 etiam
1127 2090 1323 2134 Zumptius
1352 2102 1394 2122 ex
1424 2090 1550 2134 aliqua
1576 2096 1703 2134 μευ-ως
1738 2091 1803 2135 qui

449 2151 547 2195 quod
574 2151 611 2183 in
637 2151 760 2184 verbis
787 2152 912 2191 selecti
937 2163 955 2184 c
980 2154 1157 2182 conventu
1174 2149 1320 2184 Siculos
1341 2154 1483 2183 tantum
1500 2150 1665 2195 intelligi
1683 2155 1802 2195 putat,

450 2215 550 2243 recte
576 2212 732 2244 fortasse
757 2216 877 2255 putat.
924 2212 972 2244 Et
996 2210 1079 2243 fieri
1108 2213 1250 2253 potest,
1279 2214 1320 2244 ut
1346 2211 1714 2254 comprehendantur
1731 2211 1803 2245 hac

449 2269 721 2313 significatione
748 2270 861 2303 etiam
889 2270 938 2311 ii,
973 2269 1034 2314 qui
1060 2269 1158 2302 inter
1179 2269 1349 2303 homines
1377 2282 1450 2304 non
1477 2271 1641 2304 eiusdem
1671 2270 1801 2303 civita·

446 2328 492 2361 tis
518 2328 738 2362 iudicarent.
789 2330 860 2362 Sed
887 2330 1215 2373 reprehendendus
1241 2329 1372 2362 Cicero
1398 2334 1465 2369 est,
1491 2330 1553 2373 qui
1579 2334 1656 2362 tam
1682 2329 1802 2362 ambi-

447 2397 522 2431 guo
555 2389 761 2427 vocabulo,
799 2398 870 2430 quo
909 2389 1022 2431 paulo
1059 2392 1144 2420 unte
1170 2387 1248 2431 ipse
1274 2388 1319 2419 de
1344 2387 1487 2420 civibus
1512 2388 1690 2421 Romanis
1716 2399 1803 2422 usus

452 2449 552 2486 crat,
588 2457 665 2479 rem
701 2445 934 2490 significarit.
1000 2446 1165 2479 offendit
1204 2446 1340 2486 ctiam,
1380 2447 1499 2490 quod,
1537 2458 1650 2490 quum
1687 2459 1802 2492 supra

451 2505 603 2538 selectos
636 2506 773 2538 iudices
804 2504 961 2548 proponi
994 2505 1109 2537 solere
1135 2504 1291 2546 dixerit,
1320 2506 1383 2538 hic
1412 2517 1454 2539 ea
1480 2508 1596 2540 verba
1623 2507 1803 2552 disiungit

453 2565 599 2607 (selecti
633 2576 651 2598 e
685 2569 859 2597 conventu.
890 2568 954 2596 aut
981 2564 1191 2607 propositi).
1241 2565 1312 2598 Sed
1339 2566 1598 2609 gravissimum
1627 2567 1801 2601 offensio-

449 2636 534 2657 nem
569 2635 612 2657 οτι
647 2625 810 2664 habent,
845 2635 922 2667 qum
961 2623 1134 2667 deinceps
1168 2630 1397 2669 sequuntur,
1433 2626 1592 2660 maxime
1628 2627 1800 2672 repetitio

449 2683 547 2726 istn,
580 2684 625 2716 de
651 2694 724 2728 qua
759 2683 974 2726 Zumptium
1010 2683 1105 2718 nihil
1131 2684 1263 2718 dixisse
1289 2685 1426 2720 miror:
1477 2687 1530 2720 De
1556 2691 1730 2720 conventu
1755 2698 1800 2719 ac

447 2743 735 2786 negotiatoribus
768 2743 906 2776 iudices
945 2743 1049 2776 nulli.
1114 2743 1188 2777 Hic
1220 2745 1369 2788 quidem
1407 2750 1444 2783 ct
1471 2745 1798 2791 interpolationem

447 2807 484 2836 ct
511 2803 686 2838 mendum
710 2803 858 2839 suliesse
884 2802 1096 2839 etiamnunc
1121 2803 1302 2850 suspicor.
