1981 3390
1486 268 1585 316 445

200 391 410 431 incertam
445 400 488 432 et
518 388 768 431 instabilem
796 388 1148 442 percursionem,
1197 401 1280 442 qua
1313 387 1504 430 Catilina
1545 389 1652 432 late-

202 466 301 508 bras
347 476 522 522 captans
563 475 958 522 persequentesque
1011 465 1190 505 eludens
1238 467 1301 505 uti
1352 476 1522 522 posset,
1567 480 1653 508 non

199 543 433 585 difficulter
480 557 538 584 ex
580 543 659 590 illa
696 543 942 599 corruptela
982 556 1132 583 veram
1166 541 1397 584 lectionem
1436 556 1652 593 eruemus,

197 633 290 674 quae
314 619 404 660 haec
425 628 519 662 est:
554 621 703 662 Italico
734 622 867 662 calles
899 626 940 660 et
968 626 1188 674 pastorum
1219 618 1390 660 stabula
1410 632 1654 674 peragrare

198 700 423 750 coepisset.
479 696 574 738 Nec
604 707 711 748 erat,
746 713 820 739 cur
844 697 1039 739 Orellius
1070 697 1253 738 haereret
1284 698 1327 737 in
1351 697 1498 738 Italeoe
1525 711 1652 738 voca-

198 771 318 814 bulo.
377 773 487 815 Late
534 784 577 815 et
615 777 718 816 sine
756 775 842 816 fine
884 784 1121 830 vagaturus
1163 774 1352 816 Catilina
1393 783 1497 815 erat.
1560 774 1654 816 Nec

195 851 249 890 ad
299 850 378 891 hos
427 850 650 892 Ciceronis
700 855 912 894 oratorios
961 852 1130 894 colores
1177 853 1407 907 quidquam
1449 854 1654 907 pertinet,

199 928 414 983 quoduam
455 929 588 987 fuerit
621 928 822 970 Catilinae
862 942 1014 970 verum
1058 929 1287 969 consilium
1329 937 1403 968 aut
1441 928 1596 969 saltem
1629 943 1655 970 a

197 1004 409 1047 Sallustio
442 1006 661 1047 traditum.
723 1005 894 1061 Ipsum,
930 1006 1043 1061 quod
1073 1006 1290 1060 sequitur,
1335 1009 1470 1045 lolius
1502 1005 1653 1046 Italiae

195 1083 462 1136 suspiciones
496 1084 731 1137 reprimere
765 1081 964 1124 debebat.

314 1157 420 1214 Cap.
448 1162 490 1210 6,
520 1162 575 1200 13
611 1161 775 1202 editur:
807 1159 885 1201 Ad
912 1158 1190 1210 tribunatum,
1219 1163 1322 1214 qm‘a
1354 1161 1447 1213 ipse
1475 1159 1535 1200 ad
1561 1173 1653 1202 sese

195 1239 282 1276 iam
320 1236 478 1277 dudum
512 1243 653 1288 vocat,
681 1260 735 1269 —
766 1243 964 1278 contento
997 1237 1139 1278 studio
1175 1250 1386 1292 cursuque
1418 1241 1654 1278 veniamus.

198 1313 284 1354 Sed
317 1312 671 1356 molestissimam
715 1314 971 1371 particulam
1016 1318 1145 1368 quia,
1195 1329 1278 1369 qua
1317 1316 1460 1369 ppsita
1496 1314 1651 1355 Cicero

196 1391 325 1431 nimis
344 1392 491 1443 putide
516 1394 728 1434 rationem
748 1402 790 1433 et
820 1405 992 1433 causam
1028 1391 1185 1441 reddit,
1217 1392 1488 1432 incommodo
1520 1393 1652 1433 etiam

195 1469 508 1509 sententiarum
551 1470 727 1521 ordine,
785 1470 900 1510 tollit
942 1469 1151 1526 przeclara
1194 1469 1354 1509 codicis
1393 1469 1653 1509 Parisiensis

193 1542 349 1586 lectio:
386 1545 466 1589 Ad
496 1546 787 1597 tribunatum,
830 1550 908 1602 qui
941 1533 1034 1600 ipse
1077 1546 1138 1586 ml
1167 1559 1260 1586 sese
1300 1554 1381 1586 etc.
1447 1546 1653 1601 Sequitur

190 1634 227 1662 c.
259 1622 301 1671 6,
336 1623 391 1662 14
423 1621 544 1663 locus
577 1625 772 1678 graviter
802 1631 1055 1675 corruptus,
1095 1637 1222 1678 quem
1253 1624 1298 1664 in
1331 1622 1553 1663 nonnullis
1584 1637 1654 1663 co—

192 1697 362 1739 dicibus
392 1700 529 1740 tertiae
561 1700 740 1741 familiae
770 1700 1080 1753 interpolatum
1120 1713 1242 1749 esse,
1287 1713 1418 1755 supra
1459 1701 1654 1748 ostendi3

191 1775 229 1814 is
261 1776 306 1815 in
336 1775 516 1830 reliquis
558 1777 778 1818 codicibus
816 1778 955 1832 (quod
1002 1776 1175 1831 quidem
1216 1776 1269 1817 ad
1315 1785 1506 1817 nostram
1540 1791 1655 1832 quae-

193 1852 379 1892 stionem
423 1854 597 1904 attinet)
639 1855 701 1894 ita
737 1853 964 1894 scribitur:
1011 1853 1083 1894 De
1114 1867 1194 1907 quo
1231 1854 1400 1908 quidem
1428 1853 1653 1894 tribunatu

192 1932 258 1969 ila
288 1929 449 1969 dictum
477 1935 543 1970 est
573 1944 601 1970 α
635 1928 685 1977 Q.
713 1929 978 1980 Hortensio,
1011 1936 1058 1970 ul
1088 1933 1180 1970 eius
1210 1934 1349 1970 oratio
1379 1943 1465 1969 non
1497 1929 1651 1979 defen·

192 2009 354 2046 cionem
397 2006 518 2046 modo
569 2007 792 2048 videretur
833 2010 1059 2047 criminum
1113 2010 1356 2055 continere,
1399 2006 1477 2046 sed
1521 2011 1651 2047 etium

192 2086 395 2123 memoria
435 2083 612 2137 ‹Ie'gnam
658 2089 726 2125 nto·
761 2085 848 2137 (sic
887 2084 979 2124 cod.
1012 2084 1108 2124 Par.
1143 2092 1214 2134 et,
1258 2083 1341 2124 hoc
1374 2082 1471 2124 loco
1507 2098 1648 2134 verus,

191 2158 364 2208 Ursini3
391 2158 521 2201 Bern.
553 2163 672 2215 prior
701 2165 904 2202 memoria
934 2161 1070 2214 digna
1102 2163 1181 2209 uti,
1213 2161 1299 2200 nisi
1329 2160 1430 2215 quid
1461 2169 1651 2201 erratum

193 2245 281 2286 est3
314 2239 482 2278 namin
514 2237 651 2279 altero
686 2247 773 2280 est:
818 2241 1061 2278 memoriam
1096 2237 1272 2291 dignam
1305 2241 1350 2276 ἰἰι
1380 2251 1428 2277 re
1453 2236 1650 2290 publica)

193 2319 262 2355 rei
287 2314 472 2368 publicae
505 2316 779 2370 capesaeendoe
812 2319 1116 2356 auctoritatem
1146 2314 1504 2369 de'scePIc'namque
1529 2327 1647 2367 prae-

193 2391 398 2432 scribere.
467 2392 663 2447 Adparet
695 2394 902 2433 universa
932 2391 1020 2432 loci
1050 2392 1188 2432 forma
1219 2391 1442 2440 (memoria
1473 2390 1648 2445 dignam

193 2472 264 2509 rei
285 2467 477 2523 publae‘coe
511 2468 784 2522 capessendae
819 2472 1123 2509 auctoritatem
1158 2467 1517 2522 disce‘pllnmnque
1541 2482 1650 2521 proe-

191 2544 424 2598 scribere),
491 2561 619 2601 quam
667 2545 827 2586 dudum
878 2544 1111 2586 Turnebus
1168 2545 1304 2592 vidit3
1353 2548 1422 2585 uli
1476 2545 1651 2584 mendo-

192 2634 288 2661 sum
317 2634 414 2662 esse
444 2631 588 2676 patet,
632 2637 710 2678 pro
742 2637 826 2678 quo
860 2622 1082 2673 Orellius,
1129 2630 1301 2663 sec-utus
1333 2621 1653 2673 apertissimum

195 2711 387 2738 errorem
419 2698 578 2738 codicis
612 2697 848 2741 Bernensis
885 2699 1096 2750 alterius,
1129 2714 1153 2739 a
1183 2700 1327 2753 priore
1360 2696 1654 2746 desciscentis,

197 2775 370 2830 scripsit
410 2777 456 2813 in
501 2775 646 2829 (κῃ),
695 2776 869 2818 soloeca
913 2778 1108 2818 oratione
1130 2778 1188 2828 ¹).
1247 2774 1334 2815 Sed
1368 2773 1655 2814 animadverti

220 2866 257 2908 ¹)
285 2865 387 2910 Saepe
414 2866 514 2910 npud
541 2865 759 2904 Ciceronem
784 2866 864 2914 legi
887 2868 1142 2906 auctoritatem
1168 2866 1203 2902 in
1231 2875 1364 2904 causa,
1391 2864 1428 2900 in
1453 2864 1652 2903 suadendo,
