1981 3390
433 201 532 255 208

993 645 1186 707 VIII.

368 790 456 844 Dc
514 787 643 840 iure
698 796 755 838 et
819 786 1159 839 condicione
1216 784 1567 839 coloniarum
1616 787 1815 858 populi

623 881 874 935 Romani
919 883 1155 951 quaestio
1200 881 1471 935 historica
1501 878 1568 950 ¹).

374 1053 535 1143 Solet
570 1097 741 1139 laudari
774 1106 817 1138 et
850 1099 1135 1140 admiratione
1169 1098 1300 1153 digna
1342 1097 1493 1140 haberi
1522 1098 1815 1140 Romanorum

369 1191 498 1232 quum
530 1177 574 1216 in
605 1177 809 1216 universa
835 1191 881 1216 re
908 1175 1083 1230 publica
1114 1176 1412 1216 constituenda
1442 1184 1531 1216 tum
1558 1177 1602 1216 in
1629 1175 1816 1230 singulis

369 1255 463 1293 eius
500 1251 695 1305 partibus
728 1253 977 1292 ordinandis
1018 1254 1247 1304 prudentia
1285 1251 1542 1306 cohibetque
1573 1253 1816 1293 dissensum

369 1329 643 1383 aliquatenus
690 1329 901 1369 immensa
943 1331 1148 1382 potentiae
1201 1343 1416 1384 opumque
1463 1328 1599 1369 moles
1641 1328 1694 1369 ab
1733 1329 1813 1370 illo

365 1404 526 1461 populo
560 1412 799 1445 exstructa.
879 1406 927 1447 Si
970 1407 1065 1460 quis
1110 1414 1253 1445 tamen
1292 1407 1337 1446 in
1381 1414 1502 1446 tanta
1544 1405 1814 1447 laudantium

368 1481 645 1522 multitudine
678 1496 757 1532 ea,
804 1495 897 1536 quae
930 1481 1136 1522 laudandi
1163 1496 1292 1523 causa
1319 1483 1541 1533 dicuntur,
1569 1483 1813 1523 considera-

366 1560 494 1608 verit,
526 1559 671 1598 nescio
703 1572 756 1597 an
787 1571 901 1612 saepe
929 1573 1025 1599 eum
1051 1548 1234 1599 inolesto
1269 1560 1451 1613 quodam
1482 1573 1610 1599 sensu
1643 1558 1813 1605 dubita÷

367 1644 488 1676 turus
516 1636 585 1685 sit,
615 1635 777 1674 satisne
808 1634 1003 1691 plerique
1036 1650 1101 1685 ea,
1136 1635 1188 1676 de
1221 1635 1376 1690 quibus
1408 1637 1600 1677 iudicare
1633 1636 1813 1687 vellent,

364 1712 613 1767 intelligere
665 1705 920 1753 studuerint'.
1004 1712 1116 1754 Nam
1165 1721 1264 1768 post
1304 1712 1426 1764 illos,
1481 1715 1566 1768 qui.
1597 1714 1727 1768 primi
1767 1714 1814 1753 in

391 1834 429 1876 1)
459 1816 583 1875 [Ediia
610 1843 642 1866 a.
673 1832 765 1866 1832
797 1831 977 1876 bipartito
1003 1831 1039 1865 in
1069 1831 1273 1865 indicendis
1303 1831 1403 1876 regis
1428 1830 1682 1876 augustissimi
1707 1834 1815 1866 nata-

454 1893 545 1926 litiis
582 1897 617 1926 et
653 1893 861 1927 mutatione
900 1892 1142 1936 magistratus
1179 1892 1395 1926 academici.
1464 1893 1505 1925 In
1542 1892 1614 1926 hac
1649 1891 1813 1926 editione

453 1953 635 1986 nonnulla
667 1953 850 1997 explicavi
887 1954 1000 1996 paulo
1029 1952 1207 1994 uberius,
1251 1956 1292 1986 ut
1327 1953 1373 1985 de
1407 1951 1598 1996 isopolitia
1622 1951 1691 1985 illa
1724 1951 1815 1986 Nie-

455 2013 643 2046 buhriana
677 2018 713 2046 et
747 2013 793 2046 de
830 2012 1000 2057 Dionysii
1035 2012 1309 2053 inconstantia,
1354 2012 1568 2046 testimonia
1613 2016 1649 2046 et
1683 2012 1815 2046 firma-

453 2077 579 2106 menta
618 2073 777 2106 mirifice
803 2083 888 2106 cum
914 2073 971 2113 iis,
999 2067 1077 2117 ‘'1¹¹ae
1110 2072 1355 2117 disputaram‚
1383 2071 1655 2106 consentientia
1673 2072 1813 2113 addidi,

455 2133 599 2166 minuta
614 2134 779 2177 quaedam
795 2133 960 2174 con-exig
988 2133 1149 2166 aliorum
1175 2132 1366 2177 opiniones
1395 2137 1524 2177 postea
1549 2133 1727 2176 prolatas,
1750 2143 1813 2166 su·-

461 2193 671 2236 perioribus
699 2194 852 2232 similes,
885 2194 1066 2238 colligere
1092 2198 1128 2227 et
1154 2194 1241 2227 data
1267 2204 1383 2237 opera
1407 2193 1585 2226 refellere
1608 2191 1813 2236 supersedi,

460 2251 556 2284 nihil
600 2253 780 2285 habentes
828 2253 915 2286 novi
960 2254 1184 2297 argumenti.
1261 2254 1396 2294 Velut,
1442 2258 1487 2286 ut
1528 2263 1599 2285 uno
1641 2252 1811 2295 exemplo

458 2311 665 2355 defungar,
705 2323 818 2355 quum
854 2316 967 2355 caput
1003 2311 1210 2354 quaestionis
1237 2311 1285 2344 sit
1309 2312 1354 2343 dc
1380 2311 1462 2344 iure
1487 2312 1728 2353 colonorum,
1767 2312 1808 2345 F.

453 2371 598 2405 Walter
633 2371 881 2414 (Geschichte
915 2371 977 2403 des
1013 2371 1221 2404 riimischen
1256 2370 1408 2403 Rechts.
1444 2371 1564 2404 Bonn.
1601 2370 1703 2405 1831.
1730 2372 1748 2404 1
1773 2385 1809 2416 p.

456 2430 520 2473 72)
545 2431 642 2465 cives
678 2431 715 2465 in
745 2432 908 2466 colonias
938 2431 1068 2466 missos
1096 2431 1279 2476 suffragio
1316 2434 1352 2463 et
1377 2430 1660 2475 participatione
1685 2431 1813 2477 reipu-

458 2491 564 2525 blicae
599 2493 775 2526 Romanae
802 2492 1100 2526 administrandae
1128 2491 1291 2525 caruisse
1316 2490 1467 2531 scribit3
1500 2492 1564 2525 sed
1594 2492 1811 2534 testimonii,

458 2552 555 2597 quod
580 2552 616 2585 in
644 2554 776 2586 ceteris
815 2554 926 2586 rebus
963 2553 1165 2598 diligenter
1191 2551 1391 2592 adscribit,
1432 2552 1469 2584 in
1495 2552 1567 2585 hac
1595 2552 1668 2586 hoc
1693 2553 1810 2597 ponit,

459 2613 551 2645 idem
571 2614 724 2647 sensisse
746 2614 946 2658 Sigonium,
972 2613 1239 2656 Spanhemium,
1266 2612 1532 2652 Bellefortium‚
1561 2612 1809 2646 Niebuhr-itam.

457 2673 618 2708 Omnino
655 2673 713 2707 vir
737 2675 866 2708 doctus
890 2673 998 2707 nimis
1036 2684 1159 2716 presse
1183 2672 1431 2706 Niobam-ium
1465 2678 1612 2706 secutus
1637 2683 1727 2706 vera
1751 2673 1809 2707 in-

458 2738 570 2768 venta
595 2734 641 2767 ab
666 2733 815 2769 incertis
842 2733 1078 2778 opinionibus
1104 2744 1176 2766 non
1205 2731 1399 2773 discrevit3
1427 2732 1470 2765 de
1491 2732 1630 2767 aemriis
1647 2744 1806 2778 quoque,

460 2795 505 2828 de
531 2793 722 2839 isopolitia
748 2798 784 2831 et
811 2793 1014 2839 municipio
1041 2792 1300 2829 Niebuhriana
1324 2792 1450 2829 omnin
1475 2792 1653 2836 repetite]
