1981 3390
424 170 488 218 50

415 288 588 331 Cultam
620 288 831 346 palliolo?
876 287 1039 332 Mulier
1069 303 1224 346 nempe
1252 293 1346 346 ipsa
1377 291 1562 343 videtur,

421 367 518 408 Non
556 380 757 422 persona,
791 367 936 423 loqui:
964 382 1105 410 vacua
1140 377 1182 409 et
1212 368 1343 423 plana
1369 371 1515 410 onmia
1545 370 1663 410 dicas

422 446 541 486 Infra
571 445 861 487 ventriculum
895 454 938 486 et
969 447 1090 486 tenui
1120 447 1326 486 distantia
1358 448 1483 487 rima.

425 523 513 564 Nec
546 533 690 564 tamen
717 522 978 574 Antiochus,
1010 537 1090 564 nec
1121 526 1203 564 erit
1232 523 1445 565 mirabilis
1478 523 1571 565 illic

425 602 513 641 Aut
545 600 783 642 Stratocles
817 607 892 640 aut
924 613 1022 640 cum
1053 600 1177 642 molli
1209 601 1460 643 Demetrius
1490 598 1658 644 Haemo.

425 677 557 717 Natio
589 676 799 718 comoeda
832 684 912 716 est.

361 755 557 804 Quorum
602 768 807 795 versuum
850 767 981 809 quum
1024 752 1179 794 umbra
1226 755 1423 810 quaedam
1477 768 1630 796 sensus
1681 754 1810 796 facile

365 840 596 887 appareat,
640 833 782 887 ipsum
816 840 960 873 tamen
993 845 1168 872 sensum
1195 846 1322 873 nemo
1361 833 1423 872 ita
1464 832 1719 888 expedivit,
1765 839 1813 871 ut

361 920 433 950 aut
469 919 585 951 recta
618 919 733 950 esset
765 911 1079 951 sententiarum
1112 911 1360 951 consecutio
1401 919 1476 951 aut
1511 911 1813 966 interpretatio

361 989 642 1042 grammatice
673 1002 732 1029 ex
765 986 913 1029 verbis
945 986 1203 1029 efficeretur.
1263 988 1456 1030 Primum
1478 988 1813 1043 interrogationi

362 1066 472 1106 hanc
515 1067 602 1107 vim
648 1065 909 1117 subiiciunt,
951 1073 999 1105 ut
1040 1079 1168 1107 nemo
1202 1065 1401 1106 Graeculo
1436 1068 1521 1107 isto
1554 1065 1711 1108 melius
1742 1079 1812 1106 co-

361 1144 576 1185 moediam
610 1159 742 1200 agere
784 1144 974 1193 dicatum
1017 1142 1240 1184 Graeculos
1274 1157 1359 1184 non
1391 1143 1534 1185 solum
1564 1143 1812 1185 adulatores

362 1236 483 1272 esse,
535 1223 612 1262 sed
652 1222 901 1261 histriones.
995 1219 1047 1260 In
1096 1235 1180 1275 quo
1227 1223 1417 1275 primum
1462 1223 1535 1276 qui
1574 1234 1811 1276 pronomen

362 1303 584 1353 quisquam
623 1300 866 1353 (exponunt
898 1298 1041 1338 enim:
1088 1310 1145 1338 an
1175 1302 1398 1353 qnisquam
1427 1299 1578 1340 melior
1612 1297 1814 1340 Graeculo

363 1376 613 1427 comoedus,
654 1388 780 1430 quum
810 1376 947 1427 etc.?)
987 1374 1033 1415 id
1068 1383 1159 1427 est,
1198 1376 1244 1417 id
1273 1375 1562 1428 vocabulum,
1601 1377 1696 1417 sine
1729 1388 1813 1430 quo

363 1456 583 1495 sententia
614 1452 738 1493 nulla
772 1460 864 1503 est,
907 1466 934 1492 a
963 1465 1011 1493 se
1044 1461 1244 1504 sumunt,
1287 1468 1374 1496 non
1419 1470 1445 1496 a
1482 1462 1637 1511 poeta,
1681 1453 1815 1495 vehe-

362 1540 529 1572 menter
563 1539 722 1572 errant.
783 1529 894 1580 Quis
927 1531 1042 1571 enim
1082 1545 1300 1587 unquam,
1341 1546 1471 1588 quum
1504 1531 1815 1588 interrogando

362 1617 566 1666 negaret,
599 1609 746 1650 omisit
768 1603 1029 1664 pronomen,
1059 1623 1119 1650 ex
1149 1624 1233 1664 quo
1266 1609 1362 1651 solo
1390 1611 1708 1666 perspiceretur
1740 1625 1815 1651 ne·

361 1688 491 1744 gandi
526 1688 614 1728 vim
639 1688 682 1727 in
702 1688 1046 1742 interrogatione
1070 1686 1244 1741 inesse‘}
1308 1686 1479 1728 Deinde
1501 1687 1583 1729 hoc
1608 1686 1816 1739 efficiunt,

362 1774 410 1806 nt
439 1763 662 1806 Iuvenalis
685 1764 823 1814 dicat,
867 1752 1017 1806 ornnes
1042 1764 1265 1806 Graeculos
1297 1779 1426 1806 veros
1459 1779 1554 1806 esse
1582 1765 1816 1806 histriones

366 1852 409 1884 et
437 1844 483 1883 in
516 1857 645 1884 scena
675 1851 820 1898 partes
851 1857 982 1899 agere
1016 1844 1192 1894 uxoris,
1236 1842 1460 1894 Thaidos,
1489 1842 1705 1893 Doridos,
1732 1855 1815 1898 quo

369 1922 469 1977 quid
500 1929 643 1976 potest
673 1933 769 1961 esse
801 1929 876 1960 aut
907 1934 984 1975 per
1014 1934 1062 1961 se
1091 1921 1282 1975 ineptius
1309 1929 1383 1961 aut
1411 1935 1436 1962 a
1462 1920 1683 1961 Iuvenalis
1713 1934 1813 1961 con-

368 2000 467 2040 silio
500 1998 719 2041 alienius}
783 1998 869 2038 Sed
901 2011 1031 2053 quum
1061 1999 1124 2039 ita
1153 1998 1245 2039 haec
1277 2000 1641 2053 interpretentur,
1673 1998 1817 2052 sequi-

367 2087 463 2128 tur,
496 2086 543 2117 ut
564 2077 768 2133 proxima
791 2074 870 2116 illa
894 2075 1066 2117 stleele'er
1086 2090 1236 2130 nempe
1259 2084 1340 2117 etc.
1366 2076 1419 2116 de
1443 2075 1594 2117 eadem
1623 2076 1815 2116 omnium

369 2154 665 2195 Graeculorum
695 2161 788 2195 arte
822 2153 1032 2194 dicantur.
1104 2152 1256 2208 Itaque
1284 2154 1331 2192 in
1362 2154 1447 2204 iis,
1486 2166 1580 2207 quae
1613 2152 1816 2207 deinceps

369 2231 682 2283 subiiciuntur,
723 2230 853 2285 plane
891 2243 938 2270 se
986 2229 1149 2270 haerere
1189 2230 1407 2280 sentiunt3
1449 2230 1711 2285 pravissima
1749 2238 1816 2270 est

371 2311 486 2352 enim
518 2310 609 2350 haec
638 2309 949 2350 sententiarum
985 2308 1257 2349 consecutio:
1297 2321 1447 2348 omnes
1480 2306 1621 2348 Graeci
1653 2308 1816 2363 optime

373 2389 639 2430 comoediam
672 2394 833 2443 agunt3
878 2399 1018 2441 neque
1047 2391 1189 2426 tamen
1219 2387 1378 2427 summi
1407 2384 1641 2427 histriones
1675 2383 1816 2427 Graeci

372 2466 595 2508 mirabiles
627 2474 752 2508 erunt
793 2474 836 2506 et
879 2462 1120 2512 excellent3
1164 2472 1255 2505 tota
1296 2466 1413 2506 enim
1454 2465 1573 2505 natio
1605 2463 1814 2505 comoeda

373 2554 453 2587 est.
527 2544 677 2600 Itaque
720 2545 793 2600 qui
825 2543 906 2585 hoc
936 2543 1098 2594 sensit,
1138 2542 1430 2594 Schraderus,
1475 2545 1618 2583 tamen
1657 2542 1815 2582 mutari

374 2621 552 2665 volebat
591 2624 634 2664 in
675 2628 866 2673 lanmm,
899 2620 1167 2663 Heineckius
1199 2635 1278 2677 pro
1310 2620 1483 2662 tandem
1512 2620 1671 2661 dictum
1703 2632 1813 2660 esse.

376 2701 573 2756 Augetur
613 2702 742 2742 etiam
783 2701 1048 2756 perversitas
1085 2700 1337 2750 sententiae,
1383 2699 1495 2755 quod
1534 2698 1813 2746 recentiores,

375 2778 629 2821 Achaintrio
660 2780 790 2831 (luce,
829 2779 923 2821 illic
955 2778 1170 2835 accipiunt
1201 2781 1248 2819 iu
1280 2791 1332 2818 ea
1365 2782 1488 2826 arte,
1526 2776 1574 2818 id
1604 2780 1693 2826 est,
1711 2772 1813 2825 fal-

1956 123 1970 328 qt-fflaess—-w
1955 76 1962 118 ‚..-,„
1954 50 1959 67 -.
1954 0 1970 43 ':.-:.
