1981 3390
1434 225 1533 274 485

141 357 375 411 archetypo
403 356 554 408 positae
586 350 705 392 nulia
738 348 824 390 alia
854 349 1042 405 vestigia
1075 357 1188 388 sunt.
1254 346 1341 388 Sed
1373 348 1468 401 ipsa
1497 363 1592 388 sen-

142 437 275 475 tentia
310 437 480 475 inanem
517 430 684 471 videtur
717 427 878 469 habere
901 427 1138 482 superioris
1162 426 1481 480 repetitionem,
1517 439 1594 465 nec

141 499 487 553 eam⁴commode
531 521 800 562 expressam.
874 505 1043 562 (Itaque
1086 502 1326 544 Lambinus
1368 510 1464 557 post
1508 506 1594 542 siut

140 589 301 630 addidit
333 589 595 641 optimates).
661 586 747 625 Sed
776 584 816 624 id
851 584 1003 624 accidit
1037 582 1183 637 aliqua
1215 595 1273 622 ex
1304 588 1425 636 parte
1457 594 1594 634 prava

136 665 507 717 interpunctione;
554 677 692 717 neque
739 663 854 703 enim
898 660 1150 716 parenthesi
1202 659 1324 700 locus
1366 666 1454 707 est,
1504 658 1596 707 sed,

137 756 230 797 qnae
267 741 419 783 Cicero
458 749 725 796 exposuerat
767 740 819 780 de
854 737 1160 794 optimatibus,
1201 751 1252 777 ea
1296 737 1509 778 convertit
1541 735 1593 776 ad

138 820 306 861 Vatinii
352 819 460 860 illud
507 817 686 859 verbum
722 821 933 865 nan‘om's,·
982 818 1127 871 itaque
1169 815 1470 870 coniungenda
1504 814 1595 854 haec

138 907 257 939 sunt:
300 902 338 938 ii
367 903 487 946 stent,
541 909 666 950 quam
710 898 806 946 (nos
841 894 1083 935 diceremus
1127 897 1250 947 quos)
1290 897 1336 933 m
1377 895 1595 932 mellonem

137 977 393 1030 appellasti,
437 977 515 1029 qm*
557 981 637 1013 etc.
725 971 850 1012 Patet
900 972 1063 1026 igitur,
1113 969 1437 1011 conclusionem
1483 969 1594 1009 hanc

137 1068 259 1103 esse,
290 1054 358 1093 cni
393 1065 530 1106 neque
562 1055 651 1090 esto
682 1063 821 1104 neque
853 1054 919 1088 est
948 1055 1093 1100 aptum
1128 1056 1208 1089 est.
1266 1032 1417 1104 Itaque
1449 1047 1594 1088 addita

138 1131 190 1172 ad
225 1134 388 1185 eigilw-
417 1127 470 1169 ab
509 1129 635 1168 initio
667 1126 821 1177 litera,
864 1125 1172 1182 lenissimaque
1203 1127 1442 1166 mutatione
1473 1123 1594 1165 adbi-

137 1209 256 1258 bita,
290 1206 564 1248 scribendum
600 1213 727 1262 puto:
772 1202 1071 1260 Sequitur,
1119 1209 1170 1245 nt
1199 1208 1237 1244 τί·
1267 1205 1350 1254 (sic
1385 1203 1483 1244 Par.
1517 1217 1594 1258 pru

136 1286 200 1339 luj)
237 1290 350 1335 siut,
392 1299 516 1340 qnam
550 1290 596 1324 tn
627 1287 844 1324 mellonem
876 1283 1131 1337 appellasti,
1175 1286 1253 1338 qen·
1282 1286 1448 1336 integr—05
1479 1281 1594 1336 (edd.

139 1367 216 1418 que·
241 1370 284 1404 et
310 1367 413 1413 int,
449 1362 570 1404 codd.
601 1362 725 1411 Pan,
756 1359 938 1412 Bernn.,
973 1360 1100 1403 Oxx.
1130 1361 1158 1403 4
1190 1365 1234 1402 et
1262 1364 1339 1416 qen·
1362 1362 1462 1413 int.)
1497 1365 1593 1402 smel

137 1447 179 1482 el
208 1445 310 1482 sam·
335 1450 416 1482 etc.

255 1518 305 1560 C.
336 1521 405 1569 48,
436 1520 518 1559 102
550 1518 736 1559 alterum
768 1532 958 1570 versum,
991 1532 1117 1574 quem
1147 1519 1191 1558 in
1221 1520 1347 1559 tertio
1379 1518 1487 1574 pede
1521 1528 1594 1558 aut

135 1598 179 1637 in
222 1597 411 1637 secundo
453 1604 496 1636 et
539 1598 667 1637 tertio
712 1597 965 1637 mendosum
1010 1611 1133 1647 esse,
1180 1597 1349 1637 codices
1392 1605 1594 1652 arguunt,

135 1675 364 1715 emendare
391 1689 574 1730 nequeo.
631 1673 716 1728 (De
738 1673 948 1716 Bernensi
979 1676 1120 1729 primo
1152 1676 1288 1715 errari
1320 1675 1462 1724 credo,
1491 1689 1594 1731 quo-

139 1754 254 1791 niam
286 1751 515 1801 secundus,
547 1760 594 1791 ut
625 1753 689 1792 St.
718 1752 836 1793 Vict.
868 1761 910 1792 et
943 1753 1313 1816 Par-„corruptus
1348 1755 1443 1803 est).
1509 1753 1592 1793 Sed

138 1832 161 1880 ξ
195 1830 292 1878 103,
328 1828 401 1868 ubi
435 1828 597 1884 legitur
623 1827 709 1868 laoec
743 1833 831 1878 vlu,
862 1828 950 1868 laec
983 1833 1112 1879 rullo,
1145 1831 1304 1870 codicis
1336 1830 1596 1870 parisiensis

135 1908 347 1962 scriptura
381 1905 492 1956 (ᾔτεε
539 1910 611 1946 via
656 1909 789 1959 rale‘o)
840 1906 970 1956 facit,
1015 1915 1061 1946 ut
1103 1907 1274 1947 credam
1315 1922 1340 1947 a
1384 1906 1593 1947 Cicerone

135 1986 341 2039 scriptum
377 1985 534 2025 fuisse:
573 1983 664 2024 lcaec
697 1987 770 2024 υιά
799 1988 868 2024 rei
895 1983 1078 2038 publ'e‘coe
1113 1985 1408 2038 capessendae,
1443 1999 1593 2039 quum-

137 2076 218 2118 qne
247 2061 430 2103 alterum
457 2063 768 2116 interpretandi
799 2076 928 2102 causa
954 2063 1216 2115 adscriptum
1245 2065 1289 2103 in
1321 2063 1414 2103 cod.
1446 2062 1591 2102 arche-

134 2148 279 2194 typum
327 2142 600 2196 irrepsisset,
650 2141 700 2180 ad
758 2140 1022 2195 explendam
1076 2142 1314 2181 orationem
1353 2154 1591 2195 pronomen

134 2217 326 2257 additum
369 2231 464 2257 esse
511 2219 554 2257 in
600 2218 692 2257 cod.
733 2216 861 2258 Rern.
896 2227 938 2258 et
971 2219 1016 2259 S.
1050 2219 1165 2259 vict.
1225 2218 1378 2273 Inepta
1412 2226 1477 2258 est
1510 2219 1593 2257 ista

132 2293 418 2349 reduplicatio
452 2296 495 2335 in
527 2295 676 2336 sedata
709 2298 921 2347 oratione,
955 2296 1088 2337 verbo
1117 2305 1279 2352 apertO.
1338 2295 1473 2336 Paulo
1494 2304 1590 2350 post

126 2370 251 2424 plebe·
275 2386 354 2426 pro
377 2371 501 2425 plebi
526 2373 734 2414 Romam
767 2373 1042 2413 scribendum
1075 2382 1163 2425 est,
1212 2375 1468 2414 anctoritate
1496 2373 1592 2413 Par.

131 2448 302 2500 (Herv.)
342 2457 385 2490 et
429 2449 522 2490 cod.
565 2450 742 2503 Steph.;
788 2465 867 2491 nec
908 2451 1154 2506 discrepare
1210 2450 1336 2492 Bern.
1382 2453 1406 2490 1
1449 2451 1592 2498 credo,

132 2527 336 2581 quoniam
378 2528 593 2568 secundus
637 2530 865 2569 consentit.
941 2529 1219 2570 Adiectivnm
1270 2528 1586 2568 incommodum

134 2611 224 2653 est,
273 2617 402 2658 quum
448 2607 703 2661 optimatum
756 2615 798 2647 et
842 2605 982 2661 plebis
1029 2607 1204 2648 nomina
1249 2606 1463 2646 contraria
1515 2592 1587 2661 po-

132 2688 303 2721 nantur.

250 2757 299 2798 1¹¹
330 2772 365 2799 0·
395 2759 464 2810 49,
497 2762 579 2802 104
608 2761 760 2804 edunt:
797 2763 953 2818 Itaque
981 2764 1169 2806 hommes
1197 2763 1396 2804 seditiose·
1420 2776 1472 2801 me
1500 2767 1588 2801 tm·-

133 2835 320 2887 bedenti,
379 2841 483 2892 qnia
534 2840 656 2881 nulla
700 2845 784 2882 iam
828 2842 1064 2897 largitione
1101 2842 1304 2897 populum
1352 2841 1587 2881 Romanum
