1981 3390
430 180 490 228 lo

359 316 429 343 ma
457 309 601 344 tamen
630 317 728 360 pars
760 312 826 345 est
852 306 1073 348 nominum
1102 306 1516 363 geographicorum,
1577 303 1802 347 historico·

357 395 476 432 rum,
523 382 937 439 mythologicorum‚
998 383 1051 425 de
1085 385 1239 439 quibus
1272 384 1476 426 obscuras
1509 392 1551 424 et
1581 381 1802 424 abstrusas

358 474 518 516 magna
548 474 608 500 ex
636 469 758 515 parte
789 475 857 502 res
887 470 1048 513 narrat,
1079 477 1238 519 magno
1263 471 1487 504 auctorum
1520 462 1803 516 undecunque

356 552 536 580 numero
565 537 768 587 laudat03
826 539 938 594 quod
980 541 1121 595 ipsum
1163 543 1350 595 primum
1391 541 1479 582 tale
1513 549 1606 589 est,
1660 548 1708 580 ut
1747 538 1800 580 ab

355 617 474 657 omni
521 630 640 656 more
697 614 1088 657 Grammaticorum
1145 617 1403 660 Latinorum
1448 615 1803 674 orthographiam

353 694 627 736 tractantium
652 691 904 739 abhorream
935 693 1089 733 deinde
1113 709 1196 748 quo
1224 698 1319 749 quis
1355 696 1461 737 talia
1492 696 1674 737 consilio
1706 697 1801 737 sive

352 771 574 826 scripserit
606 770 700 810 sive
734 771 1025 825 excerpserit,
1087 770 1277 827 intelligi
1316 771 1438 813 nullo
1481 774 1608 813 modo
1644 781 1802 827 potest,

351 864 491 905 neque
537 849 610 904 qui
656 861 781 888 casus
819 848 1139 890 diversissimas
1179 848 1257 890 has
1297 863 1367 890 res
1407 851 1454 891 in
1493 864 1628 890 unum
1657 849 1801 890 locum

352 928 601 969 coniecerit.
661 924 895 967 Nonnullae
925 941 1030 968 vero
1053 926 1382 970 observationes
1409 929 1516 969 adeo
1547 929 1641 969 sine
1669 941 1798 968 sensu

351 1014 465 1057 sunt,
495 1013 543 1045 ut
570 1017 746 1060 prorsus
779 1014 1000 1060 appareat,
1031 1014 1197 1047 tantum
1227 1008 1451 1061 scriptoris
1480 1006 1640 1047 citandi
1670 1019 1801 1046 causa

349 1085 516 1140 positas
548 1097 672 1134 esse,
731 1092 778 1125 ut
819 1086 842 1134 ἓ
873 1085 929 1126 42
970 1086 1084 1125 inter
1112 1093 1328 1140 praecepta
1357 1086 1578 1126 nominum
1608 1082 1799 1125 scriben-

349 1162 502 1203 dorum
531 1162 731 1217 ponitur:
769 1161 845 1205 Au
877 1161 1178 1217 diphthongus.
1236 1162 1307 1203 M.
1338 1162 1564 1205 Fontanus
1604 1166 1651 1204 in
1680 1175 1797 1215 nym-

341 1239 525 1295 pharum
557 1245 882 1293 satyrorumque
914 1239 1130 1280 amoribus·
1159 1239 1269 1280 libro
1303 1240 1430 1290 III.,
1467 1239 1696 1295 belleque,
1726 1252 1796 1280 au.

348 1316 667 1372 diphthongum
695 1330 818 1368 esse,
872 1315 1079 1371 probatur
1109 1331 1195 1357 uno
1225 1325 1364 1372 poetae
1394 1317 1518 1369 loco,
1562 1331 1716 1373 quum,
1761 1317 1800 1357 si

348 1394 463 1450 apud
495 1409 622 1450 quem
652 1408 739 1435 non
767 1396 1056 1449 reperiretur,
1101 1395 1357 1436 miraculum
1391 1404 1520 1436 esset.
1586 1394 1798 1435 Omnino·

349 1487 431 1528 que
461 1473 737 1527 perspicuum
770 1481 860 1523 est,
912 1472 1248 1528 orthographica
1277 1474 1420 1528 posita
1451 1487 1572 1524 esse,
1610 1481 1658 1513 ut
1687 1471 1797 1513 alias

347 1565 418 1593 res
451 1551 655 1592 narrandi
686 1551 858 1591 occasio
891 1558 1020 1591 esset.
1091 1549 1140 1590 In
1178 1551 1285 1605 ipsis
1315 1560 1482 1603 autem,
1512 1565 1606 1606 quae
1636 1551 1798 1605 posuit,

349 1628 561 1670 nonnulla
594 1636 694 1669 sunt
719 1642 816 1669 cum
847 1629 928 1680 iis,
959 1642 1051 1683 quae
1083 1630 1128 1668 in
1160 1627 1324 1670 libellis
1350 1629 1439 1670 illis
1469 1628 1648 1670 alterius
1676 1627 1797 1683 Apu·

345 1706 424 1748 leii
455 1707 697 1758 traduntur,
738 1708 1069 1760 consentientia,
1102 1720 1210 1762 quae,
1244 1708 1357 1762 quod
1390 1707 1459 1748 hic
1483 1707 1650 1748 doctior
1676 1706 1796 1747 vide-

344 1784 485 1835 batur,
516 1784 594 1825 ille
622 1783 674 1825 ab
706 1783 787 1825 hoc
817 1785 1055 1840 sumpsisse
1082 1786 1269 1826 creditus
1300 1793 1366 1826 est
1394 1800 1419 1826 a
1439 1784 1560 1826 Maio
1587 1792 1631 1825 et
1655 1783 1795 1825 Osan-

345 1877 423 1912 no3
467 1864 506 1903 si
535 1864 630 1918 q'uis
662 1871 805 1904 autem
835 1861 966 1918 paulo
997 1862 1250 1919 diligentius
1285 1863 1530 1913 attenderit,
1565 1877 1617 1904 ea
1649 1863 1795 1923 omnia

345 1943 533 1997 reperiet
572 1942 617 1981 in
659 1941 780 1982 illius
810 1940 989 1996 Apuleii
1020 1940 1185 1982 libellis
1223 1942 1285 1982 ita
1313 1943 1477 1997 posita,
1537 1949 1584 1980 ut
1628 1940 1794 1981 caeteris

344 2019 505 2061 similia
534 2020 620 2059 sint
651 2026 693 2059 et
726 2028 824 2074 apte
858 2018 1117 2069 cohaereant,
1147 2033 1277 2074 quum
1309 2020 1354 2058 in
1384 2018 1512 2058 huius
1538 2018 1794 2074 fragmentis

346 2107 417 2139 aut
452 2099 662 2138 tenuitate
697 2111 776 2138 sua
810 2112 834 2138 a
865 2098 1030 2137 caeteris
1058 2097 1325 2151 discrepent,
1379 2105 1426 2135 ut
1459 2103 1666 2151 appareat
1698 2104 1791 2136 tan-

345 2184 433 2215 tum
465 2176 594 2229 spatii
628 2174 837 2228 explendi
867 2187 997 2214 causa
1026 2174 1252 2214 interiecta
1283 2186 1378 2213 esse
1397 2173 1461 2225 1),
1503 2180 1577 2213 aut
1606 2174 1790 2213 nomini-

343 2253 423 2293 bus
454 2251 707 2307 quibusdam
739 2252 993 2305 scriptorum
1017 2246 1173 2291 additis
1203 2252 1395 2292 fucatum
1423 2248 1697 2304 splendorem
1722 2264 1791 2291 ac-

343 2332 502 2386 cipiant
516 2332 573 2382 2).
630 2329 776 2385 Magis
809 2329 937 2370 etiam
971 2338 1166 2384 apertum
1199 2337 1288 2379 est,
1337 2326 1626 2378 Tol-tellium,
1662 2342 1789 2383 quem

343 2408 546 2450 Osannus
577 2416 700 2463 putat
731 2407 784 2449 ab
827 2406 1013 2463 Apuleio
1052 2406 1132 2448 illo
1176 2409 1337 2449 maiore
1369 2405 1505 2448 multa
1537 2408 1790 2463 sumpsisse,

343 2486 510 2528 nullum
541 2488 625 2527 nisi
655 2486 839 2528 alterum
868 2485 992 2527 illum
1022 2488 1221 2535 novisse;
1261 2500 1360 2527 nam
1394 2494 1437 2526 et
1469 2499 1639 2541 semper
1669 2484 1790 2541 Apu-

370 2619 406 2661 ι)
433 2617 501 2651 cfr.
522 2616 681 2657 hedera,
709 2628 777 2657 (τε,
803 2617 909 2657 halo,
937 2628 1072 2656 (cuum,
1099 2616 1254 2651 hostium
1282 2617 1319 2651 in
1341 2614 1564 2662 fragmentis
1589 2628 1624 2661 p.
1644 2614 1702 2657 1⁰,
1728 2615 1787 2654 11,

431 2678 531 2723 apud
555 2679 715 2713 alterum
745 2692 778 2724 p.
806 2679 863 2720 91,
889 2677 969 2719 129,
994 2677 1052 2719 89,
1078 2678 1157 2719 130,
1183 2679 1261 2713 108.

370 2740 409 2784 ²)
432 2740 501 2774 etr.
528 2744 681 2777 :eternus
708 2744 742 2776 ct
770 2739 854 2775 AEus
879 2739 915 2775 in
945 2739 1081 2786 fragm.
1109 2752 1143 2784 p.
1170 2739 1226 2780 ll,
1245 2739 1299 2779 13,
1329 2740 1426 2785 apud
1458 2740 1617 2775 alterum
1645 2750 1677 2783 p.
1706 2735 1785 2772 13⁰-

430 2800 507 2835 120.
