1981 3390
1529 271 1628 318 325

246 395 392 435 densis
435 389 763 434 memorabilem
815 391 1070 445 scripturam
1111 391 1287 430 omnino
1327 401 1412 429 non
1456 392 1696 442 adnotaret,

245 485 372 525 quam
415 482 497 524 ego
548 470 626 508 vix
661 468 848 508 adducor
892 469 994 522 quin
1037 469 1082 507 in
1127 465 1481 519 Guelferbytanis
1526 482 1694 521 quoque

244 545 462 588 codicibus
494 559 591 584 011111
626 553 897 599 reperturum
933 546 1069 585 fuisse
1101 544 1296 594 credam,
1332 552 1447 584 certe
1480 545 1522 583 in
1555 543 1693 584 altero

243 637 406 664 eorum.
471 620 562 662 Nec
593 621 791 662 dubitare
822 636 1024 677 possum,
1058 624 1159 676 quin
1192 622 1443 676 Zumptius,
1478 622 1562 660 nisi
1592 635 1694 661 casu

239 699 576 740 admonitionem
624 698 923 753 neglexisset,
974 699 1277 739 intellecturus
1314 699 1467 748 fuerit,
1508 700 1552 737 in
1596 697 1694 738 libr.

239 775 319 826 IV,
353 778 432 825 64,
463 777 545 815 143
576 777 914 829 transpositione
939 776 1196 817 Victoriana
1221 784 1369 816 contra
1396 789 1546 815 omnes
1571 775 1692 815 codd.

238 853 377 893 sacta:
411 866 530 906 quem
561 866 615 893 ne
646 853 784 893 nudus
815 854 987 907 quidem
1006 853 1139 901 filius
1171 854 1266 907 (pro
1309 866 1364 892 ne
1403 866 1523 906 quem
1553 853 1694 893 mulus

237 930 406 985 quidem
425 929 594 981 filius),
639 943 766 983 quam
810 929 1001 983 reliquos
1051 929 1239 970 editores
1286 943 1472 983 sequens
1504 931 1694 969 certissi-

239 1021 350 1048 mam
397 1006 689 1046 coniecturam
738 1004 952 1059 appellat,
995 1020 1171 1059 prorsus
1215 1007 1354 1045 everti
1401 1014 1444 1045 et
1484 1007 1693 1046 orationis

237 1085 419 1125 formam
452 1091 494 1122 et
526 1083 811 1131 sententiam,
857 1082 970 1135 quod
1001 1091 1042 1123 et
1076 1082 1339 1124 Garatonius
1373 1085 1508 1123 sensit
1539 1091 1581 1123 et
1608 1098 1692 1138 ego

236 1160 531 1201 demonstravi
565 1160 608 1199 in
643 1173 709 1211 ep.
746 1159 797 1200 ad
835 1158 977 1199 Orell.
1007 1175 1048 1214 p.
1079 1161 1213 1212 561).
1277 1160 1325 1200 In
1356 1162 1483 1215 primi
1519 1161 1692 1215 quidem

234 1237 337 1278 libri
370 1251 408 1278 0.
435 1238 504 1286 57,
536 1238 641 1286 149,
672 1250 800 1291 quem
830 1235 973 1277 locum
1006 1239 1190 1278 rectiore
1221 1239 1568 1291 interpunctione
1597 1240 1691 1278 sine

235 1314 370 1355 ullius
401 1312 586 1354 literulae
619 1315 859 1354 mutatione
886 1314 1094 1368 expedivi
1124 1315 1168 1354 in
1202 1329 1269 1367 ep.
1300 1314 1353 1354 ad
1391 1314 1530 1355 Orell.
1559 1331 1601 1370 p.
1620 1317 1691 1364 89,

235 1406 367 1447 (11111111
402 1391 661 1431 contrarium
692 1405 867 1444 prorsus
901 1393 1032 1432 menti
1057 1391 1280 1432 Ciceronis
1315 1406 1489 1432 sensum
1520 1394 1564 1432 in
1599 1392 1691 1432 edi-

235 1467 429 1508 tionibus
461 1466 634 1517 habeat,
668 1466 872 1508 Lambini
907 1471 1234 1518 correctionem,
1269 1483 1352 1523 quo
1383 1470 1500 1510 idem
1526 1471 1691 1510 incom-

234 1544 436 1594 modum,
484 1558 510 1585 a
542 1543 722 1598 reliquis
753 1558 838 1584 non
872 1546 1250 1596 animadvers-um,
1290 1546 1447 1587 tollere
1497 1545 1691 1596 volebat,

233 1621 462 1677 Zumptius
492 1622 552 1660 ita
583 1621 763 1670 reiecit,
795 1629 841 1660 ut
875 1625 1136 1663 sententiam
1169 1637 1222 1663 ne
1255 1637 1353 1663 eum
1388 1624 1561 1678 quidem
1592 1638 1689 1678 per-

232 1701 436 1755 spexisse
465 1705 627 1753 pateat.
707 1696 865 1739 Testes
907 1698 1010 1739 dicit
1046 1706 1142 1740 esse
1177 1708 1219 1741 et
1249 1702 1512 1741 accusatoris
1539 1709 1581 1741 et
1610 1703 1689 1741 rei.

231 1777 293 1818 At
325 1777 389 1816 rei
423 1783 522 1816 sunt
557 1783 718 1824 testes,
753 1776 826 1828 qui
860 1773 913 1815 ab
950 1790 1001 1816 eo
1035 1791 1111 1830 pro
1152 1791 1230 1817 sua
1264 1792 1418 1818 caussa
1446 1779 1689 1832 producun-

233 1861 324 1901 tur;
369 1854 442 1908 qui
473 1853 607 1907 igitur
641 1852 725 1891 dici
756 1860 925 1905 potest,
974 1852 1112 1893 nihilo
1147 1859 1405 1907 apertiorem
1449 1856 1542 1895 fore
1575 1856 1690 1895 frau-

229 1931 354 1980 dem,
397 1930 567 1970 etiamsi
607 1942 704 1968 rens
747 1942 833 1968 uno
879 1930 1020 1969 minus
1055 1938 1164 1970 teste
1207 1932 1258 1972 ad
1293 1945 1339 1971 se
1371 1931 1689 1972 defendendum

228 2006 401 2047 utatur!
457 2005 550 2047 Nee
576 2004 780 2045 Habonio
822 2012 933 2046 teste
977 2005 1141 2046 Verres
1189 2021 1293 2046 usus
1337 2016 1428 2058 est,
1476 2008 1551 2048 sed
1595 2010 1688 2049 eius

228 2083 474 2132 silentium,
520 2097 571 2122 ne
605 2097 630 2122 a
661 2081 871 2122 Cicerone
910 2082 1243 2136 produceretur,
1278 2087 1395 2124 emit.
1460 2083 1573 2125 Nam
1603 2099 1687 2125 uno

226 2164 364 2200 me'mes
402 2165 509 2200 leste
551 2158 710 2199 habere
741 2160 896 2210 (reum)
944 2173 1039 2199 esse
1084 2173 1167 2199 mco
1213 2165 1351 2201 mitens
1389 2167 1498 2201 teste
1538 2171 1687 2202 contra

229 2251 275 2278 se
307 2236 464 2276 habere
513 2236 643 2290 (quod
684 2250 736 2275 ne
783 2236 938 2276 dicitur
979 2238 1150 2291 quidem
1194 2239 1395 2291 usitate),
1428 2251 1511 2278 uno
1548 2243 1688 2279 minu-s·

225 2318 334 2354 teste
364 2316 568 2367 coargui,
625 2312 853 2367 Zumptius
885 2319 1025 2364 certe,
1073 2328 1157 2369 qua
1204 2324 1268 2355 est
1297 2317 1510 2357 sermonis
1539 2316 1687 2357 Latini

255 2499 294 2543 ¹)
321 2498 596 2544 Argumentum
629 2497 851 2532 brevissime
885 2499 1033 2534 absolvi
1066 2504 1200 2546 potest.
1262 2500 1336 2535 Pro
1373 2513 1441 2543 οο,
1477 2502 1576 2546 quod
1610 2506 1684 2536 est:

318 2559 461 2601 nefilii
492 2559 632 2602 quidem
668 2560 759 2592 nudi
791 2566 1004 2604 conspectus
1039 2573 1248 2605 quemquam
1273 2567 1413 2601 movet,
1450 2562 1586 2606 siquis
1613 2563 1684 2596 cir-

323 2618 600 2652 cumlocutione
625 2618 744 2652 utitur
769 2621 889 2662 (nemo
917 2627 991 2661 est,
1030 2634 1131 2666 quem
1156 2641 1202 2647 —-
1226 2624 1385 2665 moveat)
1416 2627 1451 2656 et
1477 2623 1687 2667 negationis

317 2677 571 2721 duplicatione
607 2679 766 2722 Latina,
804 2686 846 2714 ut
885 2682 1052 2726 priorem
1089 2683 1250 2727 excipiat
1291 2688 1326 2716 ct
1362 2683 1530 2716 intendat
1564 2684 1686 2717 altera

319 2749 364 2770 nc
398 2755 444 2762 -
478 2740 640 2781 quidem,
674 2742 886 2776 necessario
923 2755 968 2777 nc
1006 2744 1170 2788 praeponi
1209 2745 1319 2777 debet
1357 2743 1684 2777 circumlocutioni

317 2809 385 2841 per
420 2798 620 2835 relativum
655 2801 786 2842 sacta,
825 2814 926 2837 nemo
956 2808 1031 2843 cst,
1066 2815 1112 2838 nc
1146 2815 1245 2847 quem
1276 2804 1355 2846 filii
1386 2804 1527 2846 quidem
1561 2814 1681 2846 consp.

320 2862 468 2891 moveat.
