2912 4368
1153 750 1252 794 238

1094 882 1187 908 esse
1221 875 1394 922 posset,
1425 867 1673 922 adiungitur
1708 881 1766 908 ex
1798 866 1908 908 alius
1940 866 2231 909 iurisconsulti
2268 865 2379 907 libro
2413 867 2528 923 frag-

1094 953 1283 987 mentum
1306 944 1356 984 ad
1386 943 1519 984 altera
1532 944 1609 984 illa
1629 946 1862 999 municipia
1878 947 2037 985 civium
2060 946 2152 984 sine
2176 945 2385 998 suffragio
2401 946 2533 999 perti·-

1093 1036 1220 1069 nens3
1254 1023 1297 1061 in
1327 1036 1408 1075 quo
1432 1036 1559 1075 quum
1588 1023 1670 1060 tria
1698 1023 1781 1060 sint
1810 1020 2026 1075 exempla,
2058 1023 2140 1061 duo
2164 1022 2309 1061 eadem
2338 1030 2465 1075 atque
2488 1022 2530 1061 in

1094 1098 1228 1138 altero
1272 1098 1366 1137 loeo
1409 1106 1507 1136 sunt
1548 1097 1776 1146 (Cumani,
1822 1098 2076 1149 Acerram).
2150 1099 2235 1139 Sed
2277 1099 2346 1138 hic
2386 1106 2531 1153 aperte

1097 1190 1120 1214 a
1152 1174 1341 1215 Servilio
1376 1177 1491 1211 cives
1520 1172 1583 1211 illi
1613 1173 1808 1213 homines
1841 1174 2138 1227 appellantur,
2170 1177 2240 1228 qui
2273 1175 2408 1216 altero
2435 1176 2531 1216 loco

1095 1254 1212 1290 cives
1244 1265 1327 1289 non
1362 1249 1495 1289 fuisse
1529 1250 1752 1299 dicuntur,
1798 1250 1948 1289 eadem
1992 1250 2191 1290 nimirum
2233 1253 2535 1303 inconstantia,

1097 1341 1188 1381 quae
1234 1328 1276 1365 in
1315 1326 1396 1366 hoc
1429 1327 1651 1366 hominum
1688 1342 1847 1382 genere
1890 1326 2148 1381 appellando
2189 1328 2536 1382 frequentissima

1098 1413 1178 1454 est,
1210 1405 1253 1443 in
1288 1405 1340 1443 iis
1371 1403 1540 1453 saltem,
1573 1405 1642 1458 qui
1675 1406 1859 1459 speciem
1887 1403 2008 1443 illam
2036 1418 2123 1443 sure
2157 1404 2404 1458 reipublicoe
2436 1407 2539 1445 reti-

1097 1480 1333 1529 nebant1).
1411 1480 1560 1535 Itaque
1606 1495 1663 1520 ex
1715 1482 1833 1520 Festi
1875 1480 1981 1520 locis
2037 1480 2117 1521 hoc
2158 1496 2289 1521 unum
2340 1480 2536 1531 efficitur,

1096 1559 1225 1597 etiam
1260 1557 1437 1596 subacta
1481 1567 1522 1597 et
1557 1559 1752 1612 parentia
1795 1558 1952 1596 civium
1995 1558 2087 1597 sine
2128 1559 2337 1612 suffragio
2380 1559 2536 1613 oppida

1098 1635 1329 1688 municipia
1352 1634 1566 1688 appellata
1600 1649 1708 1674 esse.
1766 1633 1832 1673 De
1867 1634 2065 1687 Dionysii
2099 1649 2178 1674 usu
2209 1633 2409 1674 vocabuli
2442 1637 2537 1677 1²00-—

1097 1711 1327 1756 πολιτείας
1369 1713 1454 1750 iam
1499 1712 1619 1761 dixi,
1670 1713 1741 1765 qui
1782 1712 1910 1750 ctiam
1948 1711 2188 1750 Formianis
2231 1710 2536 1764 Fundanisque

1099 1787 1282 1841 aliisque
1314 1787 1430 1825 bello
1473 1787 1629 1826 Latino
1671 1787 1860 1826 subactis
1894 1786 2192 1832 ἰσοπολιτείας
2224 1786 2538 1842 μεταὸοθῆιτιι

1095 1863 1244 1903 scribit
1289 1865 1350 1913 (in
1392 1864 1598 1917 Excerpt.
1637 1880 1676 1918 p.
1723 1865 1809 1903 245
1853 1863 2092 1914 Tauchn.),
2134 1865 2244 1917 quod
2290 1864 2415 1918 quale
2470 1866 2539 1914 sit,

1099 1955 1156 1981 ex
1180 1941 1308 1980 Livio
1340 1940 1599 1994 intelligitur
1633 1949 1675 1979 et
1709 1954 1766 1979 ex
1798 1942 1931 1994 ipsius
1964 1942 2224 1980 narratione.
2287 1939 2396 1980 Nam
2418 1940 2539 1981 solli-

1099 2019 1250 2056 citatos
1277 2032 1349 2056 eos
1380 2018 1509 2056 tradit
1527 2018 1578 2057 ad
1600 2019 1746 2071 iugum
1774 2017 2013 2057 Romanum
2034 2017 2353 2056 excutiendum.
2413 2017 2541 2065 Quod

1099 2094 1252 2132 deinde
1286 2092 1552 2133 Niebuhrius
1584 2097 1644 2147 (p.
1674 2095 1742 2143 72,
1775 2096 1830 2134 76
1854 2099 1957 2147 not.)
1993 2093 2154 2134 Velleii
2174 2094 2388 2133 Paterculi
2421 2097 2540 2134 testi-

1100 2172 1243 2210 monio
1292 2171 1423 2210 utitur
1471 2171 1522 2209 de
1566 2171 1739 2210 civitate
1785 2171 2013 2224 Campanis
2057 2176 2101 2209 et
2140 2175 2264 2222 pctrlc’
2302 2169 2541 2211 ›S'amm'lum

1100 2247 1198 2286 data
1244 2246 1298 2285 Τ.
1331 2247 1516 2287 Veturio
1558 2239 1768 2296 castino,
1811 2248 1884 2300 Sp.
1922 2247 2143 2286 Postumio
2186 2261 2294 2287 coss.
2331 2250 2388 2297 (a.
2424 2249 2539 2297 334),

1098 2324 1149 2363 (Ic
1191 2322 1419 2375 Campanis
1452 2323 1675 2372 Velleius,
1717 2331 1763 2362 ut
1796 2332 1861 2362 est
1893 2331 2130 2377 temporum
2165 2325 2342 2363 rationis
2373 2325 2415 2363 in
2450 2333 2539 2365 toto

1100 2399 1177 2439 illo
1212 2400 1307 2439 Ioco
1352 2399 1607 2454 negligens,
1648 2400 1730 2439 huc
1761 2399 1932 2448 retulit,
1979 2399 2091 2453 quod
2119 2399 2271 2439 Livius
2300 2401 2350 2440 ad
2382 2415 2539 2442 annum

1098 2478 1181 2515 338
1202 2477 1354 2521 rcfert3
1382 2485 1494 2516 certe
1524 2479 1593 2527 iis,
1624 2479 1694 2531 qui
1723 2485 1923 2531 quattuor
1950 2484 2047 2516 ante
2070 2478 2192 2516 annis
2216 2476 2379 2517 subacti
2405 2487 2540 2528 erant,

1100 2553 1175 2593 illa
1191 2555 1296 2593 iuris
1311 2553 1579 2607 aequabilitas
1593 2563 1633 2593 et
1653 2553 1874 2607 isopolitia
1893 2567 2095 2594 concessa
2111 2567 2196 2593 non
2215 2562 2301 2601 est3
2326 2554 2541 2595 Samnites

1125 2726 1161 2767 ¹)
1194 2725 1380 2763 Antiates,
1418 2735 1506 2767 quos
1541 2723 1666 2756 Livius
1705 2722 1781 2768 ipsc
1818 2734 1850 2757 a.
1878 2723 1945 2757 338
1973 2722 2122 2757 civitate
2148 2724 2303 2758 donatos
2332 2724 2472 2764 scribit,
2499 2724 2542 2757 ad

1192 2795 1224 2817 a.
1255 2783 1322 2815 318
1349 2784 1439 2824 (lx,
1468 2783 1527 2823 20)
1555 2786 1670 2815 socios
1699 2785 1888 2826 appellat3
1922 2786 2112 2817 Romanos
2150 2786 2446 2827 Campanorum,
2482 2784 2544 2826 qui

1191 2844 1263 2875 iam
1285 2843 1381 2874 vives
1408 2842 1485 2874 sinc
1511 2842 1694 2884 suffragio
1722 2846 1827 2873 crant
1857 2842 1983 2882 (vm,
2019 2842 2104 2882 11),
2138 2843 2255 2875 socios
2285 2843 2451 2875 nominat
2480 2844 2541 2884 lx,

1193 2903 1237 2941 (i,
1265 2904 1307 2941 7,
1340 2903 1547 2943 Campanos
1570 2901 1740 2932 universe
1766 2900 1883 2932 socios
1907 2902 2049 2939 XXIII,
2076 2901 2109 2934 5.
2167 2903 2304 2935 Contra
2324 2903 2542 2944 Acerranos,

1196 2973 1307 3005 quum
1343 2962 1471 2993 eodem
1511 2960 1670 2992 civItatis
1707 2971 1844 3002 genere
1880 2960 2007 2992 donati
2041 2966 2178 3001 essent,
2217 2962 2394 2994 Romanos
2424 2963 2543 2996 factos

1193 3022 1322 3055 scribit
1350 3021 1453 3061 vm,
1479 3021 1534 3053 17.
1586 3020 1687 3052 Libr.
1716 3024 1839 3051 autem
1866 3020 2012 3060 XXIII,
2038 3020 2081 3052 31
2109 3032 2139 3053 a.
2163 3021 2230 3054 215
2256 3024 2439 3055 Cumanos
2465 3034 2540 3055 mu-

1193 3083 1329 3123 nicipes
1357 3081 1474 3113 sartos
1500 3080 1652 3117 scribit,
1694 3079 1825 3122 quibus
1862 3079 2051 3113 civitatem
2086 3081 2163 3113 sinc
2199 3083 2378 3126 suffragio
2406 3083 2479 3115 iarn
2507 3095 2540 3117 a.

1193 3142 1261 3175 333
1290 3143 1413 3173 datam
1440 3143 1669 3172 narraverat.
1728 3141 1856 3182 Itaque
1870 3141 2199 3185 nuncsuss'ragium
2214 3143 2542 3186 dntumintelligit,

1194 3207 1250 3241 ct,
1279 3213 1299 3234 a
1328 3200 1597 3233 iurisconsultis
1625 3199 1699 3232 illis
1725 3200 1958 3243 dist-repam,
1991 3201 2085 3234 circs
2112 3202 2188 3234 sinc
2215 3203 2394 3247 snss'ragio
2421 3204 2540 3235 muni-

1196 3262 1321 3305 cipum
1357 3261 1505 3294 nominc
1537 3259 1707 3292 excludit.
1774 3260 1882 3293 Vidvs
1912 3261 2098 3295 inferioris
2126 3262 2259 3301 aetatis,
2298 3275 2410 3306 quum
2448 3264 2542 3296 nuIIi

1192 3326 1307 3356 essent
1344 3320 1522 3356 eiusmodi
1561 3320 1681 3355 cives.
1726 3321 1899 3364 loquendi
1946 3322 2253 3363 inconstantiam,
2299 3324 2391 3357 nihil
2426 3324 2538 3357 aliud.
