1981 3390
1454 204 1554 254 493

171 335 368 376 hesterno
400 333 497 380 die‚·
529 331 684 373 deinde
717 329 808 371 leni
838 328 1079 369 orationem
1108 328 1285 370 deflexu
1316 332 1531 371 convertit
1563 331 1616 372 ad

174 413 365 453 habitum
411 425 508 452 eum
559 411 829 458 animorum,
880 409 952 461 qui
998 407 1204 462 Pompeio
1249 407 1418 447 dicente
1462 408 1621 455 suerit3

171 491 326 531 similis
362 488 502 543 figura
533 488 575 526 in
604 485 685 526 hoc
702 487 914 527 Sestianae
944 485 1039 525 loco
1071 499 1167 525 esse
1199 499 1282 525 non
1314 493 1470 540 potest.
1535 486 1622 527 Sed

171 571 211 608 in
247 564 490 607 huiusmodi
524 562 653 603 rebus
694 564 986 618 grammaticis
1027 577 1332 618 nonnunquam
1365 564 1408 603 in
1438 562 1623 618 singulis

170 643 276 684 locis
311 644 376 683 vir
409 642 676 682 clarissimus
711 654 762 682 ea
796 643 1044 691 constitnit,
1078 655 1171 695 quae
1205 642 1242 682 si
1274 641 1326 682 ad
1358 640 1444 681 alia
1473 655 1624 682 exem-

168 720 241 776 pla
275 729 317 761 et
349 721 400 761 ad
436 721 649 760 sermonis
684 728 880 761 naturam
911 719 1186 768 transferret,
1221 728 1293 760 aut
1327 721 1364 760 si
1397 720 1522 760 modo
1558 728 1622 760 to-

169 801 254 840 tius
288 798 374 839 loci
406 801 620 839 rationem
655 797 860 849 haberet,
902 797 1032 838 facile
1070 797 1181 838 falsa
1212 810 1308 838 esse
1337 797 1621 853 intelligeret.

170 875 304 917 Cuius
346 878 410 917 rei
443 876 696 931 exemplum
729 889 826 916 esse
864 883 1007 930 potest
1041 874 1342 929 imperfectum
1381 884 1481 929 post
1523 890 1621 930 per-

167 955 328 995 fectum
363 955 587 995 defensum
621 955 664 993 in
697 961 804 994 orat.
831 952 1021 1007 Philipp.
1050 951 1097 1002 I,
1138 953 1217 1002 15,
1249 954 1328 1003 36,
1358 951 1432 993 ubi
1463 954 1625 994 leniret

167 1032 262 1072 vult
292 1020 421 1073 esse:-
444 1037 488 1072 εἰ
519 1037 623 1072 lunc
660 1031 818 1072 leniret
857 1036 901 1071 et
929 1043 1045 1070 nunc
1084 1043 1249 1084 quoqne
1281 1031 1442 1081 leniat,
1491 1047 1622 1087 quum

167 1118 312 1151 tamen
357 1110 526 1150 adiecta
572 1107 708 1150 verba
748 1114 956 1163 perpetuo
996 1109 1154 1162 plausu
1199 1114 1244 1148 et
1283 1109 1470 1150 clamore
1512 1111 1620 1151 adeo

166 1196 314 1242 aperte
344 1188 397 1229 ad
425 1186 565 1228 solum
595 1186 834 1239 spectaculi
868 1194 1036 1239 tempus
1069 1201 1159 1227 rein
1193 1186 1507 1237 1·evocent,‘ut
1541 1190 1622 1229 vix

167 1265 366 1306 videatur
410 1265 581 1306 errandi
629 1267 798 1306 occasio
838 1265 974 1305 fuisse
996 1263 1051 1319 ¹).
1127 1264 1272 1320 AEque
1315 1265 1430 1306 male
1473 1276 1623 1308 contra

167 1345 352 1398 optimos
395 1358 588 1399 quosque
630 1344 800 1384 codices
843 1357 920 1398 pro
956 1341 1054 1383 Mil.
1095 1344 1148 1393 3,
1187 1345 1215 1383 9
1251 1344 1454 1394 retinuit,
1505 1346 1618 1399 qnod

168 1420 316 1462 Garat.
359 1429 401 1462 et
432 1421 599 1475 Peyron
633 1423 873 1462 eiecerant:
913 1424 955 1461 εἰ
983 1435 1029 1462 se
1059 1419 1310 1470 defenderit
1341 1420 1436 1477 (pro
1468 1421 1620 1471 defeu-

167 1500 332 1552 deret),
379 1498 574 1547 interfici
604 1500 846 1540 voluerunt.
907 1497 1000 1539 Nec
1033 1500 1193 1539 rectius
1225 1498 1414 1554 Philipp.
1444 1499 1515 1550 Il,
1550 1500 1620 1551 42,

165 1579 248 1618 107
291 1584 440 1618 contra
483 1576 628 1617 Vatic.
669 1576 936 1616 defenditur:
989 1576 1183 1627 effecisti
1219 1591 1304 1617 non
1356 1581 1403 1617 lu
1449 1578 1620 1631 quidem

167 1658 296 1694 etiam
326 1667 453 1705 nunc,
492 1659 541 1694 ut
568 1658 648 1694 sit
679 1654 834 1694 similis
863 1658 942 1704 tect,
984 1654 1062 1695 sed
1090 1660 1219 1703 certe,
1255 1660 1305 1695 nt
1335 1661 1460 1705 esset,
1495 1656 1622 1696 disse·-

166 1732 280 1771 milis
311 1734 393 1771 sui.
468 1729 637 1770 Deinde
682 1739 928 1783 corruptum
970 1746 1066 1772 esse
1108 1746 1258 1772 omnes
1300 1733 1491 1773 fatentur
1532 1746 1620 1784 ore,

168 1809 280 1864 quod
316 1807 578 1848 Garatonius
610 1808 673 1847 ita
707 1808 977 1857 emendavit,
1022 1805 1164 1848 deleta
1190 1808 1341 1859 litera,
1382 1823 1475 1864 quae
1507 1810 1620 1851 male

166 1886 386 1942 duplicata
437 1894 530 1935 est,
584 1884 721 1925 altera
773 1885 1016 1941 duplicata,
1079 1893 1125 1925 ut
1177 1884 1286 1925 nihil
1338 1901 1434 1927 esse
1483 1889 1623 1942 possit

165 1966 351 2014 certius,
383 1967 452 2004 rei
477 1966 585 2016 2'7182‘3
630 1963 787 2003 menda
821 1977 998 2018 prorsus
1030 1963 1222 2003 eiusdem
1250 1964 1365 2003 modi
1399 1965 1443 2004 in
1473 1965 1620 2006 codice

167 2043 400 2097 archetypo
430 2041 605 2082 fuerunt
632 2055 667 2081 c.
698 2042 778 2090 52,
812 2042 892 2081 111
922 2041 1018 2091 (mo
1054 2054 1126 2081 reo
1158 2056 1235 2096 pro
1268 2042 1345 2082 illo
1379 2045 1470 2095 ore)
1504 2051 1545 2082 et
1578 2044 1619 2093 5,

167 2123 222 2162 12
255 2122 420 2172 (amore
444 2123 552 2173 reip.
575 2133 653 2173 pro
685 2132 803 2158 amor
820 2121 964 2173 reip).
1030 2117 1122 2159 Nec
1150 2118 1267 2159 aliud
1299 2120 1382 2159 dici
1416 2119 1495 2160 hoc
1523 2119 1620 2161 loco

168 2200 322 2254 potuit.
379 2196 492 2238 Nam
525 2211 735 2251 persona,
785 2211 878 2251 quae
920 2211 1015 2237 cum
1047 2206 1198 2237 senatu
1230 2199 1434 2252 coniungi
1468 2199 1620 2252 possit,

169 2276 291 2317 nulla
319 2284 407 2323 est3
447 2273 635 2314 Lentulo
668 2275 798 2324 enim,
830 2274 882 2314 de
914 2289 996 2329 quo
1032 2289 1117 2315 uno
1147 2276 1328 2329 cogitari
1359 2284 1543 2330 poterat,
1576 2284 1621 2315 ut

166 2353 348 2408 reliquis
391 2351 693 2402 senatoribus,
732 2359 822 2391 tum
858 2359 923 2392 est
955 2351 1133 2406 plausus
1176 2353 1325 2404 datus,
1367 2367 1494 2409 quum
1527 2355 1619 2409 ipse

167 2439 362 2472 venerat.
426 2429 512 2471 Sed
546 2444 674 2485 quum
707 2427 994 2490 GaratoniUS‚
1025 2440 1072 2470 ut
1103 2438 1194 2471 erat
1226 2432 1293 2471 sui
1321 2429 1618 2480 calumniator,

169 2508 432 2558 dubitasset,
474 2521 600 2548 nemo
633 2508 757 2563 sequi
789 2521 920 2549 ausus
959 2516 1045 2556 est3
1088 2509 1199 2564 quod
1237 2509 1352 2549 idem
1393 2509 1546 2550 accidit
1577 2510 1620 2549 in

195 2646 234 2689 ¹)
261 2646 462 2679 Caeterum
489 2643 655 2688 poenitet
690 2655 751 2678 me
784 2645 907 2690 ipsum
931 2646 1074 2693 recepti
1099 2646 1156 2681 bis
1188 2646 1224 2680 in
1263 2657 1306 2680 co
1332 2647 1415 2680 loco
1443 2645 1622 2691 perfecti3

262 2716 348 2739 nam
378 2703 434 2737 bis
461 2703 723 2748 imperfectum
748 2707 835 2751 poni
861 2707 1042 2750 debebat,
1070 2712 1214 2742 mutata
1241 2718 1317 2741 una
1341 2708 1452 2741 litera
1480 2707 1516 2741 in
1539 2709 1621 2742 Vnt.

259 2765 458 2810 scriptura.
520 2765 686 2799 Persecti
728 2767 889 2811 ponendi
933 2770 1041 2805 nulla
1078 2772 1159 2804 erat
1197 2779 1321 2804 causa.
1386 2767 1623 2805 Describitur

262 2837 372 2861 omne
395 2826 570 2861 ludorum
595 2829 754 2872 tempus.
