1981 3390
483 307 576 355 180

413 425 649 468 membrum
675 427 1004 475 enumerationi,
1038 438 1116 465 nee
1137 437 1230 464 eam
1254 421 1441 478 colligit,
1470 420 1545 461 scd
1566 411 1791 461 confirmat
1814 430 1857 461 et

412 503 630 558 explicat,
661 501 802 557 qualis·
833 516 884 542 ea
916 506 972 541 sit
1004 501 1194 555 cognitio
1228 500 1351 551 (nolu
1381 496 1488 538 milei
1514 502 1638 546 sunt,
1666 499 1857 552 inquam,

413 579 527 631 etc.).
591 579 743 633 Itaque
786 585 958 617 secutus
1002 576 1171 616 codices
1215 577 1427 631 optimoS,
1475 575 1772 615 Erfurtensem
1814 580 1858 614 et

413 656 735 703 Coloniensem,
767 653 962 707 aliosque
991 651 1135 692 delevi
1159 653 1358 707 deniqne,
1389 653 1600 692 adiectum
1619 649 1672 691 ab
1693 649 1856 704 aliquo,

413 734 485 787 qui
517 731 724 772 orationis
756 730 894 769 forma
925 742 1010 768 non
1040 728 1261 768 intellecta
1302 728 1522 768 vinculum
1554 727 1855 767 desiderasset.

411 809 495 848 Pro
536 806 704 847 Milone
734 806 812 855 15,
853 807 909 845 39
937 805 1099 855 (onmia
1136 810 1222 844 tum
1256 804 1460 858 deniqne)
1490 811 1606 843 recte
1637 802 1859 843 Heuman-

413 897 493 924 nus
527 883 846 932 animadvertit,
879 881 1077 934 denique,
1113 895 1195 935 quo
1232 888 1479 920 extremum
1514 878 1751 919 membrum
1782 879 1856 919 ad-

413 968 679 1008 necteretur,
734 958 845 999 male
904 957 1059 998 subiici
1111 956 1333 1011 particulae
1378 956 1632 1010 temporali3
1672 954 1859 996 debebat

412 1036 568 1077 saltem
609 1049 705 1076 esse
738 1038 880 1075 onmia
912 1034 1096 1088 denique
1124 1039 1238 1081 tum,-
1281 1035 1427 1088 itaque
1461 1034 1662 1074 mendum
1695 1033 1860 1083 notavi,

414 1121 557 1153 utrum
598 1115 781 1152 omnium
822 1110 1095 1151 scribendum
1137 1118 1274 1161 esset,
1326 1111 1438 1165 quod
1480 1109 1750 1165 probabilius
1793 1117 1860 1149 est

413 1189 531 1243 (nam
563 1192 706 1229 omnia
733 1188 834 1228 odia
864 1187 1126 1241 displicent),
1161 1202 1214 1227 an
1246 1193 1331 1227 tum
1354 1186 1607 1238 tollendum,
1643 1185 1859 1227 dubitans.

533 1264 582 1306 C.
628 1267 705 1314 16,
743 1266 800 1304 48
845 1263 1074 1304 edebatur:
1136 1270 1187 1303 nt
1221 1262 1383 1313 effictos
1426 1269 1593 1303 nostros
1634 1276 1771 1302 mores
1811 1266 1859 1302 iu

414 1343 574 1382 alienis
598 1343 800 1394 personis
822 1352 1155 1394 expressamque
1183 1342 1414 1392 imaginem
1447 1344 1601 1379 nostrae
1633 1342 1730 1379 vz'loe
1759 1351 1860 1392 quo-

414 1417 593 1458 tidiunae
633 1417 897 1465 videremus,
938 1416 1228 1470 adnotantque
1269 1414 1457 1455 Beckius
1489 1424 1531 1456 et
1562 1414 1783 1464 Orellius,
1814 1416 1860 1455 in

415 1502 617 1549 quattuor
657 1492 987 1533 Oxoniensibus
1020 1480 1140 1533 cod-d.
1179 1501 1221 1533 et·
1261 1492 1356 1533 edd.
1397 1500 1502 1532 vett.
1534 1491 1624 1547 legi
1655 1498 1858 1533 nostram.

415 1570 503 1611 Sed
545 1572 581 1609 si
624 1568 813 1610 Beckius
860 1577 1021 1610 attente
1072 1569 1248 1609 Gruteri
1296 1569 1614 1610 adnotationem
1663 1568 1861 1623 legisset,

414 1654 562 1687 contra
614 1645 902 1696 Lambinum,
955 1647 1026 1700 qni
1064 1652 1216 1685 nostroe
1268 1660 1363 1686 cum
1411 1646 1658 1686 Hotomano
1703 1653 1860 1694 tuetur,

415 1725 643 1777 scriptam,
698 1723 926 1773 vidisset„
962 1725 1089 1762 etiam
1134 1737 1281 1762 omnes
1324 1722 1546 1763 Palatinos
1592 1730 1635 1762 et
1677 1722 1771 1762 cod.
1815 1721 1861 1763 S.

415 1801 607 1841 Victoris
641 1804 825 1839 nostram
858 1798 1043 1850 habere,
1086 1808 1133 1839 ut
1174 1805 1326 1840 nostrce
1362 1801 1447 1839 iam
1487 1799 1685 1841 ,videatur
1724 1799 1861 1853 ipsius

415 1863 652 1918 Hotomani
683 1890 778 1916 esse
812 1878 1036 1926 correctio,
1068 1891 1152 1917 non
1186 1876 1321 1924 bona3
1354 1891 1451 1916 nam
1487 1880 1577 1916 vila
1605 1877 1861 1930 quotidiana

413 1967 493 2008 per
524 1967 569 1993 se
603 1953 759 1993 dicitur
787 1952 1074 2006 generaliter,
1105 1967 1190 1993 non
1225 1961 1436 1993 certorum
1471 1953 1707 1994 hominum.
1804 1952 1861 1992 'o-

416 2035 547 2070 strum
590 2029 760 2083 quidem
802 2028 922 2068 solus
956 2028 1165 2069 Gruterus
1198 2030 1310 2069 ferre
1343 2030 1508 2083 potuit3
1552 2029 1627 2069 sed
1656 2029 1698 2069 id
1728 2028 1862 2070 libra-

416 2108 505 2146 rius
539 2106 727 2156 addidit,
772 2113 818 2144 ut
852 2117 1060 2158 expressa
1098 2109 1241 2159 imago
1284 2111 1432 2146 uoslra
1463 2105 1743 2160 responderet
1773 2104 1862 2156 ff-

419 2187 499 2223 ctis
530 2182 715 2223 moribus
745 2185 917 2230 nostris,
953 2182 1004 2221 de
1038 2184 1233 2236 genitivo
1266 2197 1352 2223 non
1386 2185 1580 2237 cogitans
1603 2184 1658 2231 ¹).

538 2258 587 2298 C.
614 2260 684 2308 23,
715 2260 771 2298 65
799 2259 934 2298 edidi:
958 2265 1194 2312 propterea
1219 2260 1345 2312 quod,
1381 2264 1459 2314 qm·
1486 2265 1651 2300 {centum
1670 2257 1860 2307 facinus

419 2337 728 2381 commiserunt,
763 2346 846 2372 non
870 2334 989 2372 modo
1013 2338 1107 2373 sine
1130 2348 1235 2374 cura
1258 2339 1490 2388 quiescere,
1523 2335 1600 2375 sed
1618 2347 1672 2374 ne
1691 2337 1861 2387 spirare

417 2410 584 2465 quidem
626 2414 720 2449 sine
763 2414 875 2449 melu
915 2415 1119 2461 possunt,
1161 2418 1324 2463 partem
1365 2411 1558 2451 codicum
1603 2419 1646 2450 et
1689 2411 1790 2451 edit.
1820 2425 1859 2451 a.

417 2488 528 2527 1472
567 2494 763 2536 secutus,
817 2494 863 2525 ut
907 2484 997 2525 haec
1039 2498 1096 2525 ex
1139 2484 1362 2526 Ciceronis
1402 2501 1587 2541 persona
1628 2487 1862 2536 addantur3

415 2565 679 2604 recentiores
704 2566 874 2615 possint
899 2570 1157 2615 posuerant,
1186 2570 1232 2601 ut
1261 2563 1524 2604 referrentur
1554 2563 1644 2604 haec
1673 2564 1727 2605 ad
1751 2563 1860 2605 illud

418 2639 556 2681 Nemo
587 2643 696 2680 enim
719 2638 921 2692 putabat.
986 2637 1082 2678 Non
1115 2639 1413 2690 attenderunt,
1447 2648 1535 2681 tum
1563 2655 1647 2681 non
1672 2644 1858 2695 possint,

443 2768 480 2807 ¹)
506 2764 709 2799 Steinmetz
735 2764 779 2797 de
807 2763 881 2797 suis
912 2767 947 2797 ct
979 2763 1142 2797 aliorum
1170 2764 1273 2798 codd.
1302 2768 1409 2799 tacet.
1471 2764 1583 2800 Initio
1611 2777 1642 2799 c.
1669 2764 1715 2798 17
1738 2765 1783 2798 de
1810 2766 1861 2799 Ac

509 2836 580 2858 non
604 2824 707 2857 modo
733 2824 901 2867 (recepto
928 2834 969 2856 ex
993 2824 1048 2857 cd.
1077 2823 1168 2859 1172
1193 2835 1259 2868 pro
1291 2825 1336 2859 Ac
1364 2836 1431 2859 non
1456 2825 1579 2870 modo)
1607 2823 1679 2859 vid.
1711 2824 1857 2869 epistol.

512 2888 674 2919 nostram
701 2884 746 2918 ad
772 2883 888 2918 Orvu.
916 2895 950 2927 p.
979 2883 1055 2917 110.
