1981 3390
447 231 546 279 350

388 351 513 391 dico:
556 346 760 404 probatio
786 346 952 397 futura
993 353 1059 389 eet
1089 353 1188 400 tua,
1235 353 1312 404 qui
1351 350 1495 391 locas:
1534 349 1751 405 praedibus
1783 357 1828 392 et

374 426 561 481 proedae‘is
591 426 754 479 populo
802 431 970 465 cautum
1018 431 1108 465 est:
1165 431 1230 477 et,
1275 430 1316 466 εί
1347 415 1431 467 riou
1465 432 1598 481 purae
1640 432 1824 477 cautum,

383 504 554 543 scilicet
585 507 656 551 tu,
693 506 882 553 proelor‚
923 504 971 540 in
1000 514 1094 540 mea
1122 500 1246 552 bona,
1285 516 1388 556 quos
1427 505 1558 553 voles,
1587 504 1822 544 immittes?

385 592 451 619 me
484 578 542 618 ad
587 590 701 616 meas
727 575 942 623 fortunas
974 575 1270 623 defendendas
1309 580 1515 619 accedere
1554 593 1639 620 mm
1679 579 1824 619 sines?

383 655 716 695 Demonstratur
755 666 801 690 re
830 651 1081 705 singulatim
1117 654 1337 706 exposita,
1381 669 1454 695 cur
1484 656 1536 695 ad
1564 656 1824 709 redemptio-

386 745 482 770 nem
524 729 674 768 Iunius
720 726 911 780 pupillus
953 740 1037 768 non
1077 727 1218 767 solum
1259 729 1450 780 admitti,
1496 732 1570 770 sed
1610 733 1825 784 praecipuo

385 805 482 846 loco
523 804 675 845 haberi
725 803 935 844 debuerit.
1017 804 1291 845 Incommode
1334 807 1466 859 igitur
1510 819 1562 846 ea
1598 786 1827 855 sententia,

386 897 469 937 qua
498 883 702 936 iniquitas
735 882 839 921 novi
870 881 998 921 edicti
1027 882 1072 921 in
1104 880 1181 922 tali
1209 895 1255 922 re
1284 883 1528 936 interpositi
1550 881 1828 937 comprehen-

385 959 523 1009 ditur,
569 959 642 998 uni
683 971 742 997 ex
791 957 1086 1011 superioribus
1128 957 1332 998 membris
1378 959 1618 999 adnectitur
1645 973 1722 1010 per
1756 963 1825 1005 εἰς

383 1037 477 1089 ipse
512 1047 614 1074 usus
650 1032 872 1088 particulae
916 1033 1085 1073 scilicet
1115 1034 1329 1086 postulat,
1371 1044 1418 1074 ut
1446 1035 1548 1082 *haec
1593 1035 1828 1074 vehemens

382 1111 666 1164 interrogatio
697 1124 774 1162 per
805 1124 852 1150 se
879 1110 1100 1149 efferatur.
1172 1109 1342 1150 Deinde
1376 1120 1545 1160 autem,
1585 1111 1696 1164 quod
1730 1124 1830 1164 gra-

383 1188 482 1227 vius
512 1195 602 1236 est,
643 1185 743 1226 huic
775 1186 858 1238 ipsi
885 1185 1171 1236 interponitur
1210 1183 1394 1240 aliquid,
1436 1187 1548 1240 quod
1575 1186 1828 1239 planissime

386 1262 608 1303 Ciceronis
649 1263 783 1302 menti
820 1269 1056 1316 repugnet3
1101 1275 1200 1300 nam
1233 1275 1362 1302 uuam
1395 1276 1511 1312 rem,
1551 1275 1643 1315 quae
1675 1259 1831 1302 confir·

384 1339 540 1380 manda
579 1339 772 1378 maxime
816 1346 931 1387 erat,
971 1351 1056 1377 non
1090 1336 1338 1387 confirmat,
1380 1340 1416 1378 si
1448 1338 1559 1378 forte
1592 1340 1697 1378 satis
1730 1344 1831 1379 cau-

385 1425 474 1456 tum
505 1429 589 1455 non
619 1416 761 1455 visum
794 1423 933 1465 esset,
974 1416 1167 1467 potuisse
1194 1414 1379 1470 amplius
1413 1417 1576 1466 caveri,
1617 1430 1696 1456 nec
1736 1429 1833 1455 eam

387 1494 570 1542 omittit,
604 1492 677 1531 sed
708 1493 802 1546 ipse
831 1491 963 1532 Verri
995 1493 1300 1544 exceptionem
1330 1501 1372 1532 et
1403 1492 1698 1532 defensionem
1731 1490 1832 1531 sub-

386 1571 502 1619 iicit,
543 1576 590 1608 ut
621 1569 764 1608 omnia
793 1569 886 1607 iure
920 1569 1062 1622 egisse
1096 1569 1308 1609 videatur.
1386 1567 1498 1608 Nam
1543 1570 1578 1607 si
1610 1582 1694 1608 non
1725 1570 1831 1608 satis

386 1654 556 1686 cautum
588 1642 790 1698 putabat,
824 1645 897 1697 qui
925 1652 1094 1697 poterat
1122 1644 1297 1684 Junium
1331 1644 1585 1684 admittere?
1630 1643 1829 1685 Ridicule

388 1736 491 1776 ergo
532 1734 707 1774 prorsus
748 1705 1053 1774 interrogatur.
1114 1718 1262 1770 Patet,
1295 1719 1395 1761 illa:
1443 1726 1487 1760 et
1517 1724 1558 1760 εἰ
1587 1734 1671 1760 non
1702 1726 1832 1774 putas

387 1805 555 1839 cantum
588 1798 649 1837 ita
679 1797 763 1836 dici
794 1810 820 1836 a
849 1794 1085 1846 Cicerone,
1126 1805 1174 1836 ut
1206 1796 1279 1836 vel
1303 1797 1401 1837 ‘hoc
1444 1806 1687 1837 extremum
1721 1798 1830 1837 effu·

387 1877 506 1929 gium
532 1872 661 1914 Verri
697 1872 971 1919 occludatur3
1004 1874 1163 1927 itaque,
1198 1873 1552 1927 quemadmodum
1581 1873 1684 1914 illa:
1713 1888 1834 1927 pro·

389 1952 539 1992 balio
568 1949 775 1998 futura
815 1955 897 1989 est
936 1955 1030 1989 tua
1072 1952 1216 1991 statim
1255 1951 1311 2004 (c.
1339 1951 1419 1999 55,
1465 1950 1563 2002 143)
1596 1950 1677 1990 hoc
1706 1951 1833 1991 modo

387 2035 662 2082 repetuntur:
705 2031 751 2065 at
781 2031 874 2066 erut
900 2026 1100 2079 probatio
1131 2033 1228 2077 tua,
1276 2028 1338 2067 sic
1366 2027 1457 2067 haec
1485 2040 1584 2081 pars
1613 2027 1676 2067 sic
1705 2027 1833 2067 effer-

388 2114 477 2144 tur:
522 2109 580 2143 at
608 2109 755 2153 erat,
800 2108 855 2142 et
884 2110 1037 2143 esset
1066 2105 1334 2158 ampliati,
1364 2107 1414 2143 si
1442 2103 1650 2153 velles,
1675 2105 1835 2157 popvlo

391 2186 560 2220 cautum
593 2178 814 2233 proedc'bus
858 2185 900 2219 et
934 2180 1126 2232 praedc’is.
1188 2180 1257 2221 De
1291 2179 1446 2220 mendo
1484 2180 1617 2234 igitur
1655 2188 1835 2231 constat,

391 2257 512 2296 cuius
550 2257 779 2309 vestigium
822 2269 917 2295 esse
947 2257 1142 2307 videtur,
1183 2257 1236 2297 ad
1271 2258 1494 2296 veritatem
1536 2254 1833 2310 reperiendam

392 2345 495 2371 sane
524 2339 677 2381 tenue,
719 2333 764 2370 in
798 2345 876 2380 eo,
917 2332 1026 2385 quod
1062 2333 1228 2372 codices
1269 2345 1417 2372 omnes
1450 2345 1527 2383 pro
1560 2337 1728 2371 cautum
1761 2331 1836 2372 ha-

392 2407 494 2448 bent
521 2412 664 2457 caula,
695 2407 778 2446 nisi
805 2406 916 2460 quod
951 2405 1094 2446 Maius
1126 2407 1177 2447 de
1204 2406 1417 2447 Vaticano
1451 2405 1578 2453 silet3
1611 2420 1709 2448 nam
1734 2407 1835 2448 reli-

364 2485 464 2538 squi
499 2482 700 2524 meliores
740 2482 808 2522 hic
848 2480 1077 2530 deficiunt3
1123 2491 1316 2523 senserat
1348 2484 1432 2522 iam
1465 2482 1674 2533 Ursinus,
1706 2483 1835 2526 solita

392 2560 570 2600 levitate
623 2559 780 2600 codicis
832 2557 922 2599 ficti
974 2559 1209 2600 remedium
1253 2558 1486 2609 adhibens,
1548 2567 1635 2599 tum
1687 2558 1835 2601 Mure-

391 2646 484 2688 tus,
519 2636 793 2677 Garatonius.
855 2635 1038 2677 Videtur
1078 2635 1157 2676 hoc
1186 2635 1282 2676 loco
1314 2637 1356 2675 in
1387 2635 1584 2676 omnibus
1616 2635 1835 2677 codicibus

395 2714 508 2754 idem
552 2712 785 2763 accidisse,
837 2713 948 2767 quod
989 2714 1034 2753 in
1076 2711 1253 2767 reliquis
1293 2710 1360 2753 bis
1401 2713 1560 2752 factum
1603 2726 1727 2763 esse,
1777 2726 1837 2753 ex

390 2789 604 2831 Vaticano
637 2791 972 2831 demonstratum
1006 2797 1070 2830 est
1102 2802 1231 2844 supra
1264 2792 1325 2844 (p.
1355 2790 1451 2830 329.
1483 2792 1618 2840 not.),
1662 2798 1708 2830 ut
1739 2802 1838 2844 pro·
