1981 3390
434 210 532 260 344

370 331 489 384 prior
522 329 746 369 sententiae
785 340 885 384 pars
926 323 1231 382 obscurarique
1272 326 1340 378 id,
1391 328 1435 367 in
1478 341 1562 382 quo
1606 328 1820 383 oppositio

374 414 489 448 esset
530 407 678 460 (quum
716 407 804 446 iam
852 405 1095 460 proditione
1140 407 1266 445 istius
1317 412 1359 445 et
1404 405 1651 445 testimonio
1691 406 1823 445 miser

375 490 514 532 esset,
544 490 633 522 tum
665 481 780 534 etc.).
857 481 970 522 Nam
1000 490 1046 521 ut
1081 483 1268 536 quinque
1298 484 1442 536 potius
1474 495 1600 536 quam
1634 482 1718 521 tria
1747 494 1826 522 vo-

376 558 532 600 cabula
577 560 838 598 interessent
886 558 998 597 inter
1041 559 1269 610 repetitam
1311 571 1462 598 vocem
1509 571 1633 611 quum
1680 557 1725 596 in
1771 571 1824 596 eo

376 634 596 683 membro,
639 633 752 687 quod
793 632 948 672 iisdem
986 632 1211 686 particulis
1252 632 1623 682 subdivideretur,
1669 631 1827 687 quibus

379 719 470 751 tota
509 710 725 749 sententia
763 710 1041 762 iungeretur,
1087 707 1239 748 Cicero
1286 722 1489 760 perverse
1532 709 1703 750 locutus
1742 722 1828 749 non

380 794 461 827 est.
517 784 616 827 Non
645 799 846 840 possum,
880 786 1008 839 quin,
1039 793 1270 839 antequam
1298 783 1408 824 hanc
1440 784 1828 826 additamentorum

381 863 772 903 vetustissimorum
818 863 1201 915 investigationem
1244 860 1512 915 relinquam,
1561 860 1613 900 de
1664 860 1832 901 duobus

380 939 516 988 locis,
556 937 694 978 altero
726 937 828 978 libri
865 939 1029 992 quarti,
1070 937 1208 979 altero
1240 938 1402 992 quinti,
1445 937 1608 986 dicam,
1652 951 1758 991 quos
1787 937 1833 978 in

384 1015 536 1056 eodem
577 1027 737 1068 genere
777 1014 1007 1053 mendosos
1046 1021 1164 1068 puto.
1235 1013 1456 1062 Priorem,
1501 1015 1573 1067 qui
1605 1021 1669 1053 est
1700 1028 1736 1054 c.
1760 1014 1832 1064 47,

384 1092 492 1141 104,
536 1098 896 1130 commemoratus
936 1088 1126 1129 breviter
1164 1104 1189 1129 a
1220 1103 1288 1129 me
1324 1091 1368 1129 in
1399 1089 1584 1142 epistola
1614 1089 1667 1129 ad
1698 1089 1835 1131 Orell.

384 1183 428 1223 p.
459 1168 515 1208 47
552 1166 740 1220 (legibus
782 1180 835 1206 ac
876 1166 1082 1206 iudiciali
1107 1168 1237 1218 iure),
1284 1165 1512 1219 Zumptius
1554 1165 1739 1206 infirmis
1768 1180 1837 1206 ar-

387 1245 605 1297 gumentis
640 1251 811 1293 tuetur,
848 1243 920 1296 qui
961 1249 1179 1296 receptam
1225 1254 1284 1281 ex
1319 1243 1492 1296 optimis
1522 1242 1642 1282 codd.
1675 1242 1838 1282 disiun-

389 1321 547 1359 ctivam
582 1318 835 1373 particulam
866 1318 970 1371 (aut
998 1319 1107 1371 iud.)
1142 1319 1254 1357 inter
1295 1331 1424 1358 voces
1458 1317 1612 1358 similis
1653 1326 1695 1358 et
1739 1332 1840 1359 con-

388 1396 544 1435 iunetae
588 1396 799 1446 notionis,
845 1408 938 1449 quae
981 1394 1241 1435 rhetoricam
1288 1402 1453 1435 tantum
1504 1393 1839 1448 duplicationem

390 1471 579 1522 habent,
611 1471 785 1512 defendi
813 1480 935 1527 putat
965 1485 1023 1511 ex
1055 1486 1122 1521 eo,
1157 1470 1268 1525 quod
1297 1472 1342 1510 in
1375 1472 1581 1524 negativa
1613 1471 1837 1510 sententiae

391 1548 531 1588 forma
556 1548 700 1588 dirimi
729 1562 790 1588 eae
810 1550 978 1603 possint
1001 1556 1043 1587 et
1071 1546 1122 1586 ad
1151 1554 1390 1600 utramque,
1424 1555 1626 1600 tanquam
1656 1547 1838 1587 diversae

391 1622 749 1679 significationis,
792 1633 967 1679 propter
1004 1623 1184 1664 eandem
1227 1623 1314 1662 vim
1347 1621 1634 1672 rhetoricam,
1667 1636 1725 1662 ex
1760 1636 1841 1662 usu

394 1699 616 1740 Ciceronis
650 1702 824 1754 negatio
854 1702 994 1755 re'peti
1017 1702 1070 1751 ¹).
1145 1697 1316 1739 Deinde
1344 1698 1546 1738 iudiciali
1574 1701 1693 1748 iure,
1726 1698 1838 1752 quod

420 1824 458 1867 ¹)
487 1818 563 1857 Csr'.
591 1824 763 1868 exempla
799 1823 920 1867 posita
945 1833 967 1857 a
993 1822 1166 1867 Zumptio
1191 1822 1238 1856 ad
1264 1822 1339 1862 111,
1371 1820 1438 1862 94,
1473 1821 1542 1855 220
1578 1825 1614 1856 ct
1650 1832 1673 1856 a
1706 1833 1767 1856 me
1802 1821 1842 1856 in

486 1883 593 1927 epist.
621 1884 666 1916 ad
693 1883 812 1917 Orell.
842 1896 877 1927 p.
903 1883 969 1923 66,
995 1883 1128 1926 quibus
1153 1883 1248 1916 addo
1274 1881 1357 1915 mv.
1385 1881 1431 1921 9,
1456 1881 1502 1915 29
1532 1882 1620 1923 (non
1643 1883 1748 1915 modo
1773 1893 1845 1915 ποπ

485 1943 614 1975 adesse
636 1953 748 1985 neque
774 1947 891 1975 tecum
917 1947 1000 1975 tuas
1028 1943 1182 1976 iniurias
1207 1940 1397 1985 persequi)
1424 1945 1460 1974 et
1484 1941 1529 1974 de
1554 1941 1659 1975 Orat.
1685 1941 1760 1982 111,
1785 1940 1844 1983 30,

487 2000 556 2034 121
583 2001 686 2044 (Non
725 2002 816 2034 enlm
843 2003 957 2035 solum
992 2003 1157 2037 acuenda
1191 2002 1294 2034 nobis
1321 2013 1435 2044 neque
1456 2001 1692 2045 procudenda
1716 2001 1846 2045 lingua

489 2062 573 2104 est).
642 2062 685 2093 Id
721 2061 861 2105 ipsum,
898 2063 995 2106 quod
1031 2061 1227 2106 proprium
1262 2066 1315 2095 est
1350 2061 1531 2106 negativae
1567 2059 1777 2101 sententiae,
1804 2064 1846 2095 ut

486 2119 707 2165 singulatim
735 2131 779 2154 ac
817 2121 999 2156 disiuncto
1024 2124 1231 2166 negentur,
1265 2132 1343 2164 quae
1376 2121 1571 2155 coniuncte
1595 2120 1846 2162 affirmantur,

487 2179 686 2214 transferri
712 2180 757 2213 ad
782 2180 1011 2214 contrariam
1047 2182 1211 2214 formam
1245 2192 1317 2214 non
1345 2184 1489 2224 potem
1525 2190 1593 2214 nec
1617 2191 1662 2213 ea
1685 2180 1848 2214 interro·

489 2239 614 2282 gatio,
646 2251 724 2284 quae
747 2239 820 2272 hoc
844 2240 927 2273 loco
954 2245 1020 2281 est,
1047 2241 1126 2274 ullo
1157 2241 1266 2274 modo
1294 2251 1335 2273 ex
1360 2251 1500 2285 genere
1529 2239 1747 2284 negantium
1772 2243 1849 2280 est;

491 2300 609 2338 esset,
648 2298 678 2330 si
714 2298 886 2331 dixisset:
926 2299 1099 2332 hunccine
1125 2310 1192 2342 ego
1220 2299 1449 2342 persequar?
1482 2303 1561 2332 tum
1595 2302 1773 2342 negaret,
1808 2308 1848 2330 se

490 2355 704 2398 facturum3
739 2368 836 2390 nunc
873 2358 1037 2390 affirmat
1073 2363 1110 2390 et
1146 2358 1316 2391 miratur.
1378 2357 1518 2390 Deinde
1551 2357 1699 2390 incaute
1734 2357 1848 2391 Zum-

492 2415 594 2459 ptius
626 2417 672 2448 ad
706 2415 779 2455 111,
815 2414 882 2456 24,
918 2415 964 2448 60
1000 2416 1054 2449 ita
1079 2416 1229 2456 scribit,
1264 2416 1369 2460 quasi
1397 2426 1578 2459 nusquam
1605 2416 1642 2449 in
1669 2416 1848 2461 negativa

489 2475 613 2508 forma
646 2475 802 2518 simplex
843 2475 980 2518 copula
1014 2474 1244 2508 intercedere
1291 2475 1406 2519 possit
1449 2476 1592 2509 duabus
1633 2476 1848 2510 notionibus

494 2533 662 2578 cognatis
697 2534 734 2567 in
770 2543 882 2567 unam
911 2536 1188 2579 generaliorem
1226 2535 1455 2576 coniunctis;
1491 2535 1596 2577 (nam
1635 2535 1732 2579 quod
1769 2536 1849 2580 ipse

494 2593 652 2637 excipit,
684 2593 716 2627 si
745 2593 811 2627 illo
846 2595 929 2627 loco
958 2606 1027 2628 non
1064 2597 1236 2628 obscurus
1263 2605 1329 2639 pro
1355 2605 1427 2627 uno
1453 2595 1638 2628 vocabulo
1665 2598 1783 2636 essct,
1810 2595 1849 2630 id

491 2654 567 2687 huc
591 2665 664 2688 non
689 2653 876 2697 pertinet;
911 2658 990 2688 tum
1014 2653 1113 2688 eninr
1148 2655 1320 2688 universa
1354 2655 1538 2688 sententia
1573 2653 1749 2698 negativa
1774 2665 1848 2688 non

496 2716 634 2756 essct);
669 2713 801 2747 deinde
836 2718 901 2747 aut
936 2718 972 2748 ct
1006 2726 1117 2758 neque
1142 2716 1270 2749 codem
1301 2716 1382 2748 loco
1409 2715 1524 2749 habet
1548 2713 1679 2756 (etiam
1706 2713 1752 2746 ad
1781 2714 1847 2755 ΙΙΙ,

494 2774 580 2818 91);
617 2774 703 2816 sed,
738 2773 803 2809 ubi
835 2775 946 2820 plane
973 2775 1162 2812 rhetorica
1191 2775 1448 2812 tautummodo
1473 2778 1526 2811 cst
1547 2772 1755 2814 dissolutio,
1784 2777 1849 2807 aut
