1981 3390
1435 211 1525 261 121

152 342 305 398 quoerit
356 338 533 388 Cicero,
575 333 807 390 respondet
861 339 1034 375 coactus
1082 339 1331 383 accusator,
1382 332 1599 375 concludit

153 419 306 462 Cicero
335 422 442 468 (non
472 413 667 456 voluisse
697 412 993 463 exheredare,
1038 412 1264 467 quoniam,
1305 412 1475 451 nemine
1502 425 1600 466 pro-

152 496 354 546 hibente,
386 507 472 534 nou
504 492 701 544 fecerit);
731 492 885 532 tertius
919 492 1058 546 primo
1090 498 1156 530 est
1188 488 1368 538 similis3
1398 490 1473 530 sed
1502 504 1598 545 per-

153 570 298 616 turbat
330 572 541 613 rationem
577 578 620 610 et
651 584 731 625 pro
773 569 910 611 tribus
942 577 1144 625 quattuor
1177 567 1371 609 membra
1400 568 1504 608 facit
1533 583 1600 609 re-

149 652 331 707 petitum
379 649 486 690 illud
534 647 770 703 cogitabat.
842 647 987 703 Atque
1033 647 1114 688 hoc
1158 648 1318 688 omittit
1358 647 1500 688 codex
1545 645 1600 688 T.

152 728 424 771 Oxoniensis
467 735 511 768 et
549 727 682 768 editio
723 728 845 767 1472.
920 725 1218 767 Membrorum
1259 727 1467 766 orationis
1499 726 1602 766 arti-

151 804 304 847 ficiose
334 806 670 860 compositorum
698 804 1051 860 perturbatione,
1082 813 1129 845 ut
1154 804 1250 855 hic,
1278 807 1338 845 sie
1357 805 1468 844 infra
1487 803 1605 860 glos-

153 899 274 926 sema
318 885 516 939 arguitur
557 885 638 933 50,
693 883 800 932 145,
856 881 932 922 ubi
981 880 1158 932 Cicero,
1211 890 1258 922 ut
1302 881 1605 922 crudelitatem

153 962 440 1017 Chrysogoni,
470 968 651 1000 mortem
681 958 828 1000 Roscii
861 961 1108 1014 quaerentis,
1142 958 1348 1010 declaret,
1382 972 1608 1000 enumera-

150 1041 208 1081 tis
237 1041 407 1090 causis,
435 1051 529 1093 quae
560 1036 822 1079 sceleratum
851 1037 1070 1079 hominem
1090 1038 1141 1079 ad
1161 1038 1203 1078 id
1221 1036 1449 1093 impellere
1477 1050 1607 1093 posse

151 1118 412 1168 videantur,
453 1130 586 1158 unam
618 1130 714 1158 esse
746 1115 958 1168 ostendit,
995 1116 1107 1172 quod
1138 1117 1232 1157 vivi
1261 1115 1376 1156 bona
1406 1130 1499 1156 cum
1533 1130 1610 1171 pe-

151 1194 290 1238 riculo
329 1209 378 1236 se
421 1203 571 1236 tenere
614 1203 762 1250 putet:
815 1192 872 1236 Si
919 1195 1150 1249 spoliorum
1191 1207 1324 1235 emesa
1367 1198 1433 1236 vis
1475 1193 1609 1234 leomi-

155 1287 250 1316 nem
280 1273 494 1324 occidere,
521 1273 736 1327 spoliasti.
801 1270 919 1320 Quid
954 1277 1114 1327 quaeris
1154 1273 1374 1326 amplius?
1439 1271 1495 1312 Si
1524 1275 1611 1313 wi-

155 1355 449 1393 micitiarum:
474 1363 570 1406 quae
599 1356 702 1392 suut
727 1349 813 1391 tibi
839 1354 1087 1392 inimicitiae
1120 1363 1213 1391 cum
1245 1364 1320 1401 eo,
1356 1353 1478 1391 cuins
1509 1355 1613 1390 mete

147 1429 325 1485 praedia
358 1429 621 1484 possedisti,
661 1442 786 1483 quam
831 1432 969 1482 ipsum
1015 1430 1245 1483 cognosti?
1309 1426 1391 1469 Sin
1427 1432 1609 1469 meluis.-

157 1507 212 1549 ab
257 1520 364 1548 eone
400 1507 572 1561 aliquid
602 1510 779 1558 metuis,
823 1520 944 1562 quem
985 1507 1106 1548 vides
1142 1510 1280 1561 ipsum
1310 1505 1363 1547 ab
1395 1519 1488 1546 sese
1527 1511 1615 1546 tam

156 1591 345 1627 atrocem
390 1588 598 1626 iniuriam
633 1586 897 1640 propulsare
939 1598 1024 1625 non
1056 1585 1216 1639 posse?
1260 1592 1342 1625 etc.
1407 1584 1615 1640 Singulas

158 1678 339 1715 causas,
382 1678 460 1720 per
491 1663 672 1705 eandem
706 1663 892 1705 formam
925 1664 1134 1705 orationis
1166 1664 1439 1719 propositas,
1482 1664 1617 1704 inter-

159 1743 355 1799 rogando
386 1750 606 1795 removet3
651 1743 697 1783 in
725 1744 867 1798 primo
897 1751 1064 1783 tantum
1100 1741 1294 1782 membro
1325 1756 1403 1797 pro
1432 1743 1618 1783 interro-

163 1823 343 1878 gatione
373 1819 608 1862 affirmatio
640 1828 730 1872 est,
775 1823 989 1876 spoliasti.
1064 1821 1152 1863 Sed
1174 1820 1285 1865 >huic
1316 1820 1618 1876 superadditur

160 1900 445 1955 interrogatio
461 1899 592 1955 plane
613 1898 857 1954 superflua:
893 1897 1011 1947 Quid
1027 1903 1185 1954 quaeris
1203 1899 1416 1953 amplius?
1475 1897 1617 1948 Patet,

160 1976 252 2045 ¹¹³5ss
284 1978 498 2018 contineri
539 1978 690 2032 primae
732 1991 873 2018 causae
912 1979 1224 2026 remotionem,
1267 1975 1376 2015 illud
1417 1975 1621 2028 spoliasti

162 2054 357 2096 additum
399 2067 520 2105 esse,
567 2068 697 2109 quum
743 2069 896 2109 parum
943 2053 1266 2109 intelligeretur
1310 2052 1487 2093 illorum
1519 2067 1617 2094 ver-

161 2131 317 2174 borum
350 2133 443 2182 vis,
485 2145 578 2187 quae
609 2131 700 2173 haec
732 2140 820 2173 est:
861 2131 977 2183 Quid
1011 2131 1250 2188 spoliorum
1289 2139 1454 2172 restare
1489 2140 1618 2189 putas

160 2218 317 2266 praeter
346 2224 420 2259 ea,
460 2223 554 2265 quae
583 2211 670 2251 iam
702 2209 866 2252 habes?
912 2209 1005 2252 Iam
1036 2211 1240 2264 spoliasti
1267 2218 1468 2265 quattuor
1501 2211 1618 2252 codi-

163 2301 236 2330 ces
266 2287 547 2329 Oxonienses
582 2290 667 2339 (et,
708 2296 756 2328 ut
785 2289 966 2343 opinor,
1009 2287 1087 2328 alii
1118 2287 1263 2339 multi)
1302 2289 1532 2339 omittunt,
1570 2296 1620 2329 ut

163 2365 363 2409 confecta
393 2379 464 2407 res
495 2366 567 2406 sit.
626 2365 715 2408 Sed
755 2367 801 2407 in
831 2367 985 2407 eodem
1011 2365 1106 2407 loco
1142 2367 1293 2407 eadem
1326 2366 1618 2409 membrorum

162 2445 275 2488 ratio
315 2442 596 2494 ostendebat,
642 2452 690 2485 ut
727 2448 770 2486 si
800 2445 1031 2500 spoliorum
1074 2459 1232 2497 cansa,
1275 2445 1430 2487 deinde
1461 2450 1502 2488 si
1537 2450 1621 2487 ini·

168 2511 433 2565 micitiarum
466 2523 674 2577 scriptum
707 2532 838 2585 esse-t,
868 2525 930 2565 sic
962 2539 1041 2580 pro
1064 2529 1133 2566 sin
1162 2528 1315 2566 metuis
1345 2524 1620 2566 scribendum

166 2615 264 2643 esse
303 2605 373 2642 sin
406 2607 542 2642 metus
574 2602 779 2657 (fortasse
817 2606 859 2643 si
899 2606 1070 2657 metas).
1143 2603 1352 2645 Mendum
1386 2612 1526 2644 ortum
1560 2617 1620 2644 ex

168 2692 248 2731 eo,
281 2679 397 2735 quod
427 2679 610 2722 verbum
641 2682 688 2722 in
721 2681 875 2723 eodem
909 2696 1040 2723 versu
1073 2683 1281 2739 sequitur.

291 2755 342 2798 C.
369 2759 451 2810 27,
490 2759 560 2800 73.
638 2757 701 2801 Ei
741 2763 808 2802 sic
848 2766 987 2804 tecum
1027 2775 1180 2816 agam,
1219 2766 1270 2801 ul*
1303 2772 1393 2800 meo
1426 2759 1519 2799 loco
1552 2758 1625 2799 vel

171 2834 461 2889 respondenda·
485 2837 558 2880 vel
585 2839 901 2895 interpellandi
926 2840 1010 2883 tibi
1033 2845 1291 2897 potestatem
1310 2836 1512 2887 faciam,
1549 2837 1623 2879 vel
